@ARTICLE{G92,
   author = {{Germano}, M.},
    title = "{Turbulence -- The filtering approach}",
  journal = {\jfm},
 keywords = {CHAOS, EDDY VISCOSITY, NAVIER-STOKES EQUATION, TURBULENT FLOW, ALGEBRA, COMPUTATIONAL FLUID DYNAMICS, COMPUTERIZED SIMULATION, INVARIANCE},
     year = 1992,
    month = may,
   volume = 238,
    pages = {325--336},
      doi = {10.1017/S0022112092001733},
   adsurl = {http://adsabs.harvard.edu/abs/1992JFM...238..325G},
  adsnote = {Provided by the SAO/NASA Astrophysics Data System}
}

@ARTICLE{E12,
   author = {{Eyink}, G. L.},
    title = "{Turbulence Theory}",
  journal = {Turbulence Theory (Course Notes), John Hopkins Univ., http://www.ams.jhu.edu/$\sim$eyink/Tur\-bu\-lence/},
 keywords = {CHAOS, EDDY VISCOSITY, NAVIER-STOKES EQUATION, TURBULENT FLOW, ALGEBRA, COMPUTATIONAL FLUID DYNAMICS, COMPUTERIZED SIMULATION, INVARIANCE},
     year = 2012,
    month = may,
   volume = {},
    pages = {},
      doi = {},
   adsurl = {},
  adsnote = {}
}

@ARTICLE{E05,
   author = {{Eyink}, G.~L.},
    title = "{Locality of turbulent cascades}",
  journal = {Physica D},
 keywords = {Fundamentals, High-Reynolds-number turbulence, Fractals in fluid dynamics, Nonequilibrium and irreversible thermodynamics},
     year = 2005,
    month = jul,
   volume = 207,
    pages = {91--116},
      doi = {10.1016/j.physd.2005.05.018},
   adsurl = {http://adsabs.harvard.edu/abs/2005PhyD..207...91E},
  adsnote = {Provided by the SAO/NASA Astrophysics Data System}
}

@BOOK{MY07,
   author = {{Monin}, A.~S. and {Yaglom}, A.~M.},
    title = "{Statistical Fluid Mechanics, Vol. I, Dover}",
booktitle = {Statistical Fluid Mechanics, Vol. I, Dover},
     year = 2007,
   adsurl = {http://adsabs.harvard.edu/abs/1998ppim.book.....S},
  adsnote = {Provided by the SAO/NASA Astrophysics Data System}
}
@ARTICLE{MFS12,
   author = {{Makarenko}, I. and {Fletcher}, A. and {Shukurov}, A.},
    title = "{TBA}",
  journal = {\mnras},
   eprint = {},
     year = 2012,
    month = {},
   volume = {(in preparation)},
    pages = {},
      doi = {},
}  

@ARTICLE{BS05,
   author = {{Brandenburg}, A. and {Subramanian}, K.},
    title = "{Astrophysical magnetic fields and nonlinear dynamo theory}",
  journal = {\physrep},
   eprint = {arXiv:astro-ph/0405052},
     year = 2005,
    month = oct,
   volume = 417,
    pages = {1-209},
      doi = {10.1016/j.physrep.2005.06.005},
   adsurl = {http://adsabs.harvard.edu/abs/2005PhR...417....1B},
  adsnote = {Provided by the SAO/NASA Astrophysics Data System}
}

@INPROCEEDINGS{S07,
   author = {{Shukurov}, A.},
booktitle = {Mathematical Aspects of Natural Dynamos,},
     year = 2007,
   series = {},
   volume = {},
publisher = {Chapman \& Hall/CRC},
   editor = {{Dormy}, E. and {Soward},  A. M.},
    pages = {313--359}
}

@ARTICLE{BBMSS96,
   author = {{Beck}, R. and {Brandenburg}, A. and {Moss}, D. and {Shukurov}, A. and 
	{Sokoloff}, D.},
    title = "{Galactic Magnetism: Recent Developments and Perspectives}",
  journal = {\araa},
     year = 1996,
   volume = 34,
    pages = {155-206},
      doi = {10.1146/annurev.astro.34.1.155},
   adsurl = {http://adsabs.harvard.edu/abs/1996ARA%26A..34..155B},
  adsnote = {Provided by the SAO/NASA Astrophysics Data System}
}

@ARTICLE{SSR83,
   author = {{Sokoloff}, D. and {Shukurov}, A. and {Ruzmaikin}, A.},
    title = "{Asymptotic solution of the $\alpha^2$-dynamo problem}",
  journal = {Geophys.\ Astrophys.\  Fluid Dyn.},
 keywords = {ASYMPTOTIC METHODS, DYNAMO THEORY, HELICAL FLOW, MAGNETIC FIELDS, MAGNETOHYDRODYNAMIC FLOW, MAGNETOHYDRODYNAMIC TURBULENCE, EIGENVALUES, NUMERICAL ANALYSIS, TURBULENT DIFFUSION},
     year = 1983,
    month = aug,
   volume = 25,
    pages = {293--307},
      doi = {10.1080/03091928308221753},
   adsurl = {http://adsabs.harvard.edu/abs/1983GApFD..25..293S},
  adsnote = {Provided by the SAO/NASA Astrophysics Data System}
}

@ARTICLE{SS89,
   author = {{Starchenko}, S.~V. and {Shukurov}, A.~M.},
    title = "{Observable parameters of spiral galaxies and galactic magnetic fields}",
  journal = {\aap},
 keywords = {DYNAMO THEORY, INTERSTELLAR MAGNETIC FIELDS, SPIRAL GALAXIES, MAGNETIC FIELD CONFIGURATIONS, MAGNETOHYDRODYNAMICS, THREE DIMENSIONAL MODELS, TURBULENT FLOW},
     year = 1989,
    month = apr,
   volume = 214,
    pages = {47-60},
   adsurl = {http://adsabs.harvard.edu/abs/1989A%26A...214...47S},
  adsnote = {Provided by the SAO/NASA Astrophysics Data System}
}

@ARTICLE{GHF69,
   author = {{Goldsmith}, D.~W. and {Habing}, H.~J. and {Field}, G.~B.},
    title = "{Thermal Properties of Interstellar Gas Heated by Cosmic Rays}",
  journal = {\apj},
     year = 1969,
    month = oct,
   volume = 158,
    pages = {173},
      doi = {10.1086/150181},
   adsurl = {http://cdsads.u-strasbg.fr/abs/1969ApJ...158..173G},
  adsnote = {Provided by the SAO/NASA Astrophysics Data System}
}
@ARTICLE{Andrae10,
   author = {{Andrae}, R. and {Schulze-Hartung}, T. and {Melchior}, P.},
    title = {Dos and don'ts of reduced chi-squared},
  journal = {ArXiv e-prints},
archivePrefix = "arXiv",
   eprint = {1012.3754},
 primaryClass = "astro-ph.IM",
 keywords = {Astrophysics - Instrumentation and Methods for Astrophysics, Physics - Data Analysis, Statistics and Probability, Statistics - Methodology},
     year = 2010,
    month = dec,
   adsurl = {http://adsabs.harvard.edu/abs/2010arXiv1012.3754A},
  adsnote = {Provided by the SAO/NASA Astrophysics Data System}
}
@ARTICLE{F95,
   author = {{Ferri{\`e}re}, K.~M.},
    title = {The hot gas filling factor in the vicinity of the Sun},
  journal = {\apj},
 keywords = {FILLING, HIGH TEMPERATURE GASES, INTERSTELLAR RADIATION, SOLAR NEIGHBORHOOD, STELLAR EVOLUTION, SUPERNOVA REMNANTS, COMPUTERIZED SIMULATION, EXTRAPOLATION, MATHEMATICAL MODELS, TIME DEPENDENCE},
     year = 1995,
    month = mar,
   volume = 441,
    pages = {281-299},
      doi = {10.1086/175355},
   adsurl = {http://cdsads.u-strasbg.fr/abs/1995ApJ...441..281F},
  adsnote = {Provided by the SAO/NASA Astrophysics Data System}
}
@ARTICLE{F98,
   author = {{Ferri{\`e}re}, K.~M.},
    title = {Global Model of the Interstellar Medium in Our Galaxy with New Constraints on the Hot Gas Component},
  journal = {\apj},
 keywords = {ISM: COSMIC RAYS, ISM: BUBBLES, ISM: GENERAL, ISM: STRUCTURE, STARS: SUPERNOVAE: GENERAL},
     year = 1998,
    month = apr,
   volume = 497,
    pages = {759},
      doi = {10.1086/305469},
   adsurl = {http://cdsads.u-strasbg.fr/abs/1998ApJ...497..759F},
  adsnote = {Provided by the SAO/NASA Astrophysics Data System}
}
@BOOK{TL72,
   author = {{Tennekes}, H. and {Lumley}, J.~L.},
    title = {First Course in Turbulence},
booktitle = {First Course in Turbulence},
publisher = {Cambridge: MIT Press},
     year = 1972,
   adsurl = {http://cdsads.u-strasbg.fr/abs/1972fct..book.....T},
  adsnote = {Provided by the SAO/NASA Astrophysics Data System}
}
@ARTICLE{BF08,
   author = {{Berkhuijsen}, E.~M. and {Fletcher}, A.},
    title = {Density probability distribution functions of diffuse gas in the Milky Way},
  journal = {\mnras},
archivePrefix = "arXiv",
   eprint = {0806.4316},
 keywords = {turbulence, ISM: structure},
     year = 2008,
    month = oct,
   volume = 390,
    pages = {L19-L23},
      doi = {10.1111/j.1745-3933.2008.00526.x},
   adsurl = {http://cdsads.u-strasbg.fr/abs/2008MNRAS.390L..19B},
  adsnote = {Provided by the SAO/NASA Astrophysics Data System}
}


@ARTICLE{BF11,
   author = {{Berkhuijsen}, E.~M. and {Fletcher}, A.},
    title = {Density PDFs of diffuse gas in the Milky Way},
  journal = {ArXiv e-prints},
archivePrefix = "arXiv",
   eprint = {1104.2410},
 primaryClass = "astro-ph.GA",
 keywords = {Astrophysics - Galaxy Astrophysics},
     year = 2011,
    month = apr,
   adsurl = {http://cdsads.u-strasbg.fr/abs/2011arXiv1104.2410B},
  adsnote = {Provided by the SAO/NASA Astrophysics Data System}
}

@ARTICLE{BM08,
   author = {{Berkhuijsen}, E.~M. and {M{\"u}ller}, P.},
    title = {Densities and filling factors of the diffuse ionized gas in the Solar neighbourhood},
  journal = {\aap},
archivePrefix = "arXiv",
   eprint = {0807.3686},
 keywords = {Galaxy: disk, H II regions, ISM: clouds, ISM: structure},
     year = 2008,
    month = oct,
   volume = 490,
    pages = {179-187},
      doi = {10.1051/0004-6361:200809675},
   adsurl = {http://cdsads.u-strasbg.fr/abs/2008A%26A...490..179B},
  adsnote = {Provided by the SAO/NASA Astrophysics Data System}
}
@ARTICLE{BMM06,
   author = {{Berkhuijsen}, E.~M. and {Mitra}, D. and {Mueller}, P.},
    title = {Filling factors and scale heights of the diffuse ionized gas in the Milky Way},
  journal = {\an},
   eprint = {arXiv:astro-ph/0511172},
 keywords = {Galaxy: disk, ISM: H II regions, ISM: clouds, ISM: structure},
     year = 2006,
    month = jan,
   volume = 327,
    pages = {82-96},
      doi = {10.1002/asna.200510488},
   adsurl = {http://cdsads.u-strasbg.fr/abs/2006AN....327...82B},
  adsnote = {Provided by the SAO/NASA Astrophysics Data System}
}
@ARTICLE{AB07,
   author = {{de Avillez}, M.~A. and {Breitschwerdt}, D.},
    title = {The Generation and Dissipation of Interstellar Turbulence: Results from Large-Scale High-Resolution Simulations},
  journal = {\apj},
archivePrefix = "arXiv",
   eprint = {0707.1740},
 keywords = {Galaxy: Evolution, Galaxy: General, Galaxy: Structure, Hydrodynamics, ISM: Structure},
     year = 2007,
    month = aug,
   volume = 665,
    pages = {L35-L38},
      doi = {10.1086/521222},
   adsurl = {http://adsabs.harvard.edu/abs/2007ApJ...665L..35D},
  adsnote = {Provided by the SAO/NASA Astrophysics Data System}
}


@ARTICLE{AB05b,
   author = {{de Avillez}, M.~A. and {Breitschwerdt}, D.},
    title = {Testing Global ISM Models: A Detailed Comparison of O VI Column Densities with FUSE and Copernicus Data},
  journal = {\apj},
   eprint = {arXiv:astro-ph/0510291},
 keywords = {Galaxy: Disk, Hydrodynamics, ISM: General, ISM: Kinematics and Dynamics, ISM: Structure, Magnetohydrodynamics: MHD},
     year = {2005b},
    month = nov,
   volume = 634,
    pages = {L65-L68},
      doi = {10.1086/498744},
   adsurl = {http://cdsads.u-strasbg.fr/abs/2005ApJ...634L..65D},
  adsnote = {Provided by the SAO/NASA Astrophysics Data System}
}

@ARTICLE{AB05a,
   author = {{de Avillez}, M.~A. and {Breitschwerdt}, D.},
    title = {Global dynamical evolution of the ISM in star forming galaxies. I. High resolution 3D simulations: Effect of the magnetic field},
  journal = {\aap},
   eprint = {arXiv:astro-ph/0502327},
 keywords = {magnetohydrodynamics (MHD), galaxies: ISM, ISM: evolution, ISM: bubbles, ISM: supernova remnants, ISM: structure},
     year = {2005},
    month = jun,
   volume = 436,
    pages = {585-600},
      doi = {10.1051/0004-6361:20042146},
   adsurl = {http://cdsads.u-strasbg.fr/abs/2005A%26A...436..585D},
  adsnote = {Provided by the SAO/NASA Astrophysics Data System}
}

@ARTICLE{AB04,
   author = {{de Avillez}, M.~A. and {Breitschwerdt}, D.},
    title = {Volume filling factors of the ISM phases in star forming galaxies. I. The role of the disk-halo interaction},
  journal = {\aap},
   eprint = {arXiv:astro-ph/0407034},
 keywords = {galaxies: ISM, galaxies: kinematics and dynamics, ISM: structure},
     year = 2004,
    month = oct,
   volume = 425,
    pages = {899-911},
      doi = {10.1051/0004-6361:200400025},
   adsurl = {http://cdsads.u-strasbg.fr/abs/2004A%26A...425..899D},
  adsnote = {Provided by the SAO/NASA Astrophysics Data System}
}

@ARTICLE{AM-L02,
   author = {{de Avillez}, M.~A. and {Mac Low}, M.-M.},
    title = {Mixing Timescales in a Supernova-driven Interstellar Medium},
  journal = {\apj},
   eprint = {arXiv:astro-ph/0208441},
 keywords = {Galaxy: Evolution, Galaxy: General, Galaxy: Structure, Hydrodynamics, ISM: Structure},
     year = 2002,
    month = dec,
   volume = 581,
    pages = {1047-1060},
      doi = {10.1086/344256},
   adsurl = {http://cdsads.u-strasbg.fr/abs/2002ApJ...581.1047D},
  adsnote = {Provided by the SAO/NASA Astrophysics Data System}
}


@ARTICLE{AB01,
   author = {{de Avillez}, M.~A. and {Berry}, D.~L.},
    title = {Three-dimensional evolution of worms and chimneys in the Galactic disc},
  journal = {\mnras},
 keywords = {HYDRODYNAMICS, GALAXIES: ISM, GALAXIES: KINEMATICS AND DYNAMICS, GALAXY: DISC, GALAXY: EVOLUTION},
     year = 2001,
    month = dec,
   volume = 328,
    pages = {708-718},
      doi = {10.1046/j.1365-8711.2001.04865.x},
   adsurl = {http://cdsads.u-strasbg.fr/abs/2001MNRAS.328..708D},
  adsnote = {Provided by the SAO/NASA Astrophysics Data System}
}

@ARTICLE{WN99,
   author = {{Wada}, K. and {Norman}, C.~A.},
    title = {The Global Structure and Evolution of a Self-Gravitating Multiphase Interstellar Medium in a Galactic Disk},
  journal = {\apj},
   eprint = {arXiv:astro-ph/9903171},
 keywords = {GALAXIES: STRUCTURE, ISM: KINEMATICS AND DYNAMICS, ISM: STRUCTURE, METHODS: NUMERICAL},
     year = 1999,
    month = may,
   volume = 516,
    pages = {L13-L16},
      doi = {10.1086/311987},
   adsurl = {http://cdsads.u-strasbg.fr/abs/1999ApJ...516L..13W},
  adsnote = {Provided by the SAO/NASA Astrophysics Data System}
}

@ARTICLE{WN01,
   author = {{Wada}, K. and {Norman}, C.~A.},
    title = {Numerical Models of the Multiphase Interstellar Matter with Stellar Energy Feedback on a Galactic Scale},
  journal = {\apj},
 keywords = {Galaxies: Structure, ISM: Kinematics and Dynamics, ISM: Structure, Methods: Numerical},
     year = 2001,
    month = jan,
   volume = 547,
    pages = {172-186},
      doi = {10.1086/318344},
   adsurl = {http://cdsads.u-strasbg.fr/abs/2001ApJ...547..172W},
  adsnote = {Provided by the SAO/NASA Astrophysics Data System}
}


@ARTICLE{WMN02,
   author = {{Wada}, K. and {Meurer}, G. and {Norman}, C.~A.},
    title = {Gravity-driven Turbulence in Galactic Disks},
  journal = {\apj},
   eprint = {arXiv:astro-ph/0207641},
 keywords = {galaxies: individual (NGC 2915), ISM: Kinematics and Dynamics, ISM: Structure, Methods: Numerical},
     year = 2002,
    month = sep,
   volume = 577,
    pages = {197-205},
      doi = {10.1086/342151},
   adsurl = {http://cdsads.u-strasbg.fr/abs/2002ApJ...577..197W},
  adsnote = {Provided by the SAO/NASA Astrophysics Data System}
}

@ARTICLE{WN07,
   author = {{Wada}, K. and {Norman}, C.~A.},
    title = {Density Structure of the Interstellar Medium and the Star Formation Rate in Galactic Disks},
  journal = {\apj},
   eprint = {arXiv:astro-ph/0701595},
 keywords = {Galaxies: Starburst, ISM: Kinematics and Dynamics, ISM: Structure, Methods: Numerical},
     year = 2007,
    month = may,
   volume = 660,
    pages = {276-287},
      doi = {10.1086/513002},
   adsurl = {http://cdsads.u-strasbg.fr/abs/2007ApJ...660..276W},
  adsnote = {Provided by the SAO/NASA Astrophysics Data System}
}

@ARTICLE{M-LBKA05,
   author = {{Mac Low}, M.-M. and {Balsara}, D.~S. and {Kim}, J. and {de Avillez}, M.~A.
	},
    title = {The Distribution of Pressures in a Supernova-driven Interstellar Medium. I. Magnetized Medium},
  journal = {\apj},
   eprint = {arXiv:astro-ph/0410734},
 keywords = {ISM: Kinematics and Dynamics, ISM: Magnetic Fields, Turbulence},
     year = 2005,
    month = jun,
   volume = 626,
    pages = {864-876},
      doi = {10.1086/430122},
   adsurl = {http://cdsads.u-strasbg.fr/abs/2005ApJ...626..864M},
  adsnote = {Provided by the SAO/NASA Astrophysics Data System}
}

@ARTICLE{NI89,
   author = {{Norman}, C.~A. and {Ikeuchi}, S.},
    title = {The disk-halo interaction - Superbubbles and the structure of the interstellar medium},
  journal = {\apj},
 keywords = {HALOS, INTERSTELLAR MATTER, MILKY WAY GALAXY, STELLAR ENVELOPES, SUPERNOVAE, DYNAMO THEORY, GALACTIC STRUCTURE, MAGNETIC FLUX, MASS FLOW, STARBURST GALAXIES},
     year = 1989,
    month = oct,
   volume = 345,
    pages = {372-383},
      doi = {10.1086/167912},
   adsurl = {http://cdsads.u-strasbg.fr/abs/1989ApJ...345..372N},
  adsnote = {Provided by the SAO/NASA Astrophysics Data System}
}

@ARTICLE{WT88,
   author = {{Wisdom}, J. and {Tremaine}, S.},
    title = {Local simulations of planetary rings},
  journal = {\aj},
 keywords = {ASTRONOMICAL MODELS, COMPUTERIZED SIMULATION, PLANETARY RINGS, SATURN RINGS, COMPUTATIONAL ASTROPHYSICS, LIQUID PHASES, SOLAR SYSTEM, SOLID PHASES, PLANETS, RINGS, SIMULATIONS, NUMERICAL METHODS, EQUILIBRIUM, MODELS, THEORETICAL STUDIES, PARAMETERS, BOUNDARIES, EQUATION OF MOTION, MOTION, CALCULATIONS, PARTICLES, OPTICAL PROPERTIES, DEPTH, ANGULAR MOMENTUM, TRANSPORT, VISCOSITY, VELOCITY, GRAVITY EFFECTS},
     year = 1988,
    month = mar,
   volume = 95,
    pages = {925-940},
      doi = {10.1086/114690},
   adsurl = {http://cdsads.u-strasbg.fr/abs/1988AJ.....95..925W},
  adsnote = {Provided by the SAO/NASA Astrophysics Data System}
}
@ARTICLE{Klessen00,
   author = {{Klessen}, R.~S. and {Heitsch}, F. and {Mac Low}, M.-M.},
    title = {Gravitational Collapse in Turbulent Molecular Clouds. I. Gasdynamical Turbulence},
  journal = {\apj},
   eprint = {arXiv:astro-ph/9911068},
 keywords = {Hydrodynamics, ISM: Clouds, ISM: Kinematics and Dynamics, Stars: Formation, Turbulence},
     year = 2000,
    month = jun,
   volume = 535,
    pages = {887-906},
      doi = {10.1086/308891},
   adsurl = {http://adsabs.harvard.edu/abs/2000ApJ...535..887K},
  adsnote = {Provided by the SAO/NASA Astrophysics Data System}
}
@ARTICLE{Heitsch01,
   author = {{Heitsch}, F. and {Mac Low}, M.-M. and {Klessen}, R.~S.},
    title = {Gravitational Collapse in Turbulent Molecular Clouds. II. Magnetohydrodynamical Turbulence},
  journal = {\apj},
   eprint = {arXiv:astro-ph/0009227},
 keywords = {ISM: Clouds, ISM: Kinematics and Dynamics, ISM: Magnetic Fields, Turbulence, Magnetohydrodynamics: MHD},
     year = 2001,
    month = jan,
   volume = 547,
    pages = {280-291},
      doi = {10.1086/318335},
   adsurl = {http://adsabs.harvard.edu/abs/2001ApJ...547..280H},
  adsnote = {Provided by the SAO/NASA Astrophysics Data System}
}
@ARTICLE{MLK04,
   author = {{Mac Low}, M.-M. and {Klessen}, R.~S.},
    title = {Control of star formation by supersonic turbulence},
  journal = {\rmp},
   eprint = {arXiv:astro-ph/0301093},
     year = 2004,
    month = jan,
   volume = 76,
    pages = {125-194},
      doi = {10.1103/RevModPhys.76.125},
   adsurl = {http://adsabs.harvard.edu/abs/2004RvMP...76..125M},
  adsnote = {Provided by the SAO/NASA Astrophysics Data System}
}
@article{Avillez00,
  author   =  "Miguel A. de Avillez ",
  year     =  "2000",
  month    =  "January",
  title    =  "Disc-Halo interaction - I. Three-dimensional evolution of the Galactic disc",
  journal  =  "MNRAS",
  volume   =  "315",
  pages    =  "479-497"
}
@article{Avillez01,
  author   =  "Miguel A. de Avillez and{Mac Low}, M.-M. ",
  year     =  "2001",
  month    =  "April",
  title    =  "Mushroom Shaped Structures as Tracers of Bouyant Flow in the Galactic Disc",
  journal  =  "\apj",
  volume   =  "551",
  pages    =  "L57-61"
}
@article{Avillez01a,
  author   =  "Miguel A. de Avillez and David L. Berry",
  year     =  "2001",
  month    =  "July",
  title    =  "Three-dimensional evolution of worms and chimneys in the Galactic Disc",
  journal  =  "MNRAS",
  volume   =  "328",
  pages    =  "708-718"
}
@article{Avillez02,
  author   =  "Miguel A. de Avillez and {Mac Low}, M.-M. ",
  year     =  "2002",
  month    =  "December",
  title    =  "Mixing Timescales in a  Supernova-Driven Interstellar Medium",
  journal  =  "ApJ",
  volume   =  "581",
  pages    =  "1047-1060"
}
@article{Avillez04,
  author   =  "Miguel A. de Avillez and D. Breitschwerdt",
  year     =  "2004",
  month    =  "January",
  title    =  "Does the Interstellar Magnetic Field Follow the Chandrasekhar-Fermi Law?",
  journal  =  "Baltic Astronomy",
  volume   =  "13",
  pages    =  "386-391"
}
@article{Avillez04a,
  author   =  "Miguel A. de Avillez and D. Breitschwerdt",
  year     =  "2004",
  month    =  "October",
  title    =  "Volume filling factors of the ISM phases in star forming galaxies. I. The role of the disk-halo interaction",
  journal  =  "A\&A",
  volume   =  "425",
  pages    =  "899-911"
}
@article{Avillez05,
  author   =  "Miguel A. de Avillez and D. Breitschwerdt",
  year     =  "2005",
  month    =  "June",
  title    =  "Global dynamical evolution of the ISM in star forming galaxies.   I. High resolution 3D simulations: Effect of the magnetic field",
  journal  =  "\aap",
  volume   =  "436",
  pages    =  "585-600"
}
@article{MNR18065,
author = {Fletcher, A. and Beck, R. and Shukurov, A. and Berkhuijsen, E. M. and Horellou, C.},
title = {Magnetic fields and spiral arms in the galaxy M51},
journal = {Monthly Notices of the Royal Astronomical Society},
volume = {412},
number = {4},
publisher = {Blackwell Publishing Ltd},
issn = {1365-2966},
url = {http://dx.doi.org/10.1111/j.1365-2966.2010.18065.x},
doi = {10.1111/j.1365-2966.2010.18065.x},
pages = {2396--2416},
keywords = {galaxies: individual: M51, galaxies: ISM, galaxies: magnetic fields, galaxies: spiral},
year = {2011},
}
@article{TKFB08,
    author = {{Tabatabaei, F. S.} and {Krause, M.} and {Fletcher, A.} and {Beck, R.}},
    encoding = {tex},
    title = {High-resolution radio continuum survey of M~33},
    DOI= "10.1051/0004-6361:200810590",
    url= "http://dx.doi.org/10.1051/0004-6361:200810590",
    journal = {A\&A},
    year = 2008,
    volume = 490,
    number = 3,
    pages = "1005-1017",
    month = "",
}
@article{Pat06,
    author = {{I. Patrikeev} and {A. Fletcher} and {R. Stepanov} and {R. Beck} and {E. M. Berkhuijsen} and {P. Frick} and {C. Horellou}},
    encoding = {tex},
    title = {Analysis of spiral arms using anisotropic wavelets: gas, dust  and
magnetic fields in M},
    DOI= "10.1051/0004-6361:20065225",
    url= "http://dx.doi.org/10.1051/0004-6361:20065225",
    journal = {A\&A},
    year = 2006,
    volume = 458,
    number = 2,
    pages = "441-452",
    month = "",
}
@article{C31,
   author = {{Chandrasekhar}, S.},
    title = "{The highly collapsed configurations of a stellar mass}",
  journal = {\mnras},
     year = 1931,
    month = mar,
   volume = 91,
    pages = {456-466},
   adsurl = {http://adsabs.harvard.edu/abs/1931MNRAS..91..456C},
  adsnote = {Provided by the SAO/NASA Astrophysics Data System}
}
@article{Avillez05a,
  author   =  "Miguel A. de Avillez and D. Breitschwerdt",
  year     =  "2005",
  month    =  "November",
  title    =  "Testing Global ISM Models: A Detailed Comparison of O VI Column Densities with FUSE and Copernicus Data",
  journal  =  "ApJ",
  volume   =  "634",
  pages    =  "L65-L68"
}
@INPROCEEDINGS{ABnei10,
   author = {{de Avillez}, M.~A. and {Breitschwerdt}, D.},
    title = "{The Evolution of the Large-Scale ISM: Bubbles, Superbubbles and Non-Equilibrium Ionization}",
booktitle = {Astronomical Society of the Pacific Conference Series},
     year = 2010,
   series = {Astronomical Society of the Pacific Conference Series},
   volume = 438,
archivePrefix = "arXiv",
   eprint = {1010.5654},
 primaryClass = "astro-ph.GA",
   editor = "{R.~Kothes, T.~L.~Landecker, \& A.~G.~Willis}",
    month = dec,
    pages = {313},
   adsurl = {http://adsabs.harvard.edu/abs/2010ASPC..438..313D},
  adsnote = {Provided by the SAO/NASA Astrophysics Data System}
}
@article{Avillez07,
  author   =  "Miguel A. de Avillez and D. Breitschwerdt",
  year     =  "2007",
  month    =  "August",
  title    =  "The Generation and Dissipation of Interstellar Turbulence: Results from Large-Scale High-Resolution Simulations",
  journal  =  "\apj",
  volume   =  "665",
  pages    =  "L35-L38"
}
@article{Balsara01,
  author   =  "Dinshaw. S. Balsara and D. Ward-Thompson and R. M. Crutcher",
  title    =  "A turbulent MHD model for molecular clouds and a new method of accretion on to star-forming cores",
  year     =  "2001",
  month    =  "June",
  journal  =  "MNRAS",
  volume   =  "327",
  pages    =  "715-720"
}
@article{Balsara01a,
  author   =  "Dinshaw. S. Balsara",
  year     =  "2001",
  title    =  "Adaptive Mesh Refinement in Computational Astrophysics - Methods and Applications",
  journal  =  "Journal of the Korean Astronomical Society",
  volume   =  "34",
  pages    =  "S181-190"
}
@article{Balsara04,
  author   =  "Dinshaw. S. Balsara and Jongsoo Kim and {Mac Low}, M.-M. and Grant J. Matthews",
  title    =  "Amplification of Interstellar Magnetic Fields by Supernova-driven Turbulence",
  year     =  "2004",
  month    =  "December",
  journal  =  "ApJ",
  volume   =  "617",
  pages    =  "339-349"
}
@article{Balsara05,
  author   =  "Dinshaw. S. Balsara and Jongsoo Kim",
  title    =  "Amplification of Interstellar Magnetic Fields and Turbulent Mixing by Supernova-driven Turbulence. II. The Role of Dynamical Chaos",
  year     =  "2005",
  month    =  "November",
  journal  =  "ApJ",
  volume   =  "634",
  pages    =  "390-406"
}
@ARTICLE{Bergh91,
   author = {{van den Bergh}, S. and {Tammann}, G.~A.},
    title = {Galactic and extragalactic supernova rates},
  journal = {\araa},
 keywords = {GALACTIC EVOLUTION, LOCAL GROUP (ASTRONOMY), MILKY WAY GALAXY,     SUPERNOVAE, ERROR ANALYSIS, SPIRAL GALAXIES, STAR FORMATION RATE, STELLAR       LUMINOSITY, SUPERNOVA REMNANTS},
     year = 1991,
   volume = 29,
    pages = {363-407},
      doi = {10.1146/annurev.aa.29.090191.002051},
   adsurl = {http://ukads.nottingham.ac.uk/abs/1991ARA%26A..29..363V},
  adsnote = {Provided by the SAO/NASA Astrophysics Data System}
}
@misc{Bicknell09,
  title    =    "C54H-Astrophysical Fluid Dynamics",
  howpublished= "\url{ www.mso.anu.edu.au/~geoff/AFD/Sedov.pdf}",
  author   =    "Geoff Bicknell",
  institution = "Australian National University",
  year     =    "2009"
}
@PROCEEDINGS{Bloemen91,
   editor = {{Bloemen}, H.},
    title = {The interstellar disk-halo connection in galaxies},
 keywords = {CONFERENCES, GALACTIC HALOS, ABSORPTION SPECTRA, COSMIC RAYS, DARK MATTER, EMISSION SPECTRA, GALACTIC STRUCTURE, HYDROGEN CLOUDS, INTERSTELLAR MAGNETIC FIELDS, INTERSTELLAR MATTER, MILKY  WAY GALAXY, MOLECULAR CLOUDS, RADIO ASTRONOMY, SPIRAL GALAXIES, STAR FORMATION, ULTRAVIOLET SPECTRA},
booktitle = {The Interstellar Disk-Halo Connection in Galaxies},
     year = 1991,
   series = {IAU Symposium},
   volume = 144,
   adsurl = {http://adsabs.harvard.edu/abs/1991IAUS..144.....B},
  adsnote = {Provided by the SAO/NASA Astrophysics Data System}
}
@article{BKM07,
  author   =  "Axel Brandenburg and Maarit J. Korpi and Antony J. Mee",
  title    =  "Thermal Instability in Shearing and Periodic Turbulence",
  journal  =  "ApJ",
  volume   =  "654",
  pages    =  "945-954",
  year     =  "2007",
  month    =  "January"
}
@ARTICLE{Bregman80,
   author = {{Bregman}, J.~N.},
    title = {The galactic fountain of high-velocity clouds},
  journal = {\apj},
 keywords = {GALACTIC ROTATION, GALACTIC STRUCTURE, GALAXIES, HYDROGEN CLOUDS, MILKY WAY GALAXY, HYDRODYNAMICS, INTERSTELLAR MATTER, MAGNETIC FIELDS, NEBULAE, RADIAL VELOCITY, VELOCITY DISTRIBUTION},
     year = 1980,
    month = mar,
   volume = 236,
    pages = {577-591},
      doi = {10.1086/157776},
   adsurl = {http://adsabs.harvard.edu/abs/1980ApJ...236..577B},
  adsnote = {Provided by the SAO/NASA Astrophysics Data System}
}
@ARTICLE{Bronfman88,
   author = {{Bronfman}, L. and {Cohen}, R.~S. and {Alvarez}, H. and {May}, J. and
    {Thaddeus}, P.},
    title = {A CO survey of the southern Milky Way - The mean radial distribution of molecular clouds within the solar circle},
  journal = {\apj},
 keywords = {CARBON MONOXIDE, MILKY WAY GALAXY, MOLECULAR CLOUDS, SKY SURVEYS (ASTRONOMY), SOLAR NEIGHBORHOOD, SOUTHERN SKY, ABUNDANCE, ASTRONOMICAL MODELS, DENSITY DISTRIBUTION, INTERSTELLAR MATTER,  RADIAL VELOCITY},
     year = 1988,
    month = jan,
   volume = 324,
    pages = {248-266},
      doi = {10.1086/165892},
   adsurl = {http://adsabs.harvard.edu/abs/1988ApJ...324..248B},
  adsnote = {Provided by the SAO/NASA Astrophysics Data System}
}
@ARTICLE{CP85,
   author = {{Chiang}, W.-H. and {Prendergast}, K.~H.},
    title = {Numerical study of a two-fluid hydrodynamic model of the interstellar medium and population I stars},
  journal = {\apj},
 keywords = {ASTRONOMICAL MODELS, COMPUTATIONAL ASTROPHYSICS, INTERSTELLAR MATTER, STELLAR EVOLUTION, TWO FLUID MODELS, COMPUTERIZED SIMULATION, HYDRODYNAMICS, STAR DISTRIBUTION, STELLAR WINDS, TWO DIMENSIONAL MODELS},
     year = 1985,
    month = oct,
   volume = 297,
    pages = {507-530},
      doi = {10.1086/163546},
   adsurl = {http://adsabs.harvard.edu/abs/1985ApJ...297..507C},
  adsnote = {Provided by the SAO/NASA Astrophysics Data System}
}
@article{Cioffi98,
  author   =  "Denis F Cioffi and Christopher F. McKee and Edmund Bertschinger",
  title    =  "Dynamics of Radiative Supernova Remnants",
  year     =  "1998",
  month    =  "November",
  journal  =  "ApJ",
  volume   =  "334",
  pages    =  "252-265"
}
@ARTICLE{Clemens88,
   author = {{Clemens}, D.~P. and {Sanders}, D.~B. and {Scoville}, N.~Z.},
    title = "{The large-scale distribution of molecular gas in the first Galactic quadrant}",
  journal = {\apj},
 keywords = {DISK GALAXIES, GALACTIC STRUCTURE, H II REGIONS, INTERSTELLAR GAS, MOLECULAR GASES, STELLAR CORONAS, GAS DENSITY, HYDROGEN, PITCH (INCLINATION), SAGITTARIUS CONSTELLATION, SPIRAL          GALAXIES, STAR FORMATION},
     year = 1988,
    month = apr,
   volume = 327,
    pages = {139-155},
      doi = {10.1086/166177},
   adsurl = {http://adsabs.harvard.edu/abs/1988ApJ...327..139C},
  adsnote = {Provided by the SAO/NASA Astrophysics Data System}
}
@ARTICLE{Coxreview05,
   author = {{Cox}, D.~P.},
    title = "{The Three-Phase Interstellar Medium Revisited}",
  journal = {\araa},
     year = 2005,
    month = sep,
   volume = 43,
    pages = {337-385},
      doi = {10.1146/annurev.astro.43.072103.150615},
   adsurl = {http://adsabs.harvard.edu/abs/2005ARA%26A..43..337C},
  adsnote = {Provided by the SAO/NASA Astrophysics Data System}
}
@ARTICLE{CS74,
   author = {{Cox}, D.~P. and {Smith}, B.~W.},
    title = "{Large-Scale Effects of Supernova Remnants on the Galaxy: Generation and Maintenance of a Hot Network of Tunnels}",
  journal = {\apj},
     year = 1974,
    month = may,
   volume = 189,
    pages = {L105},
      doi = {10.1086/181476},
   adsurl = {http://adsabs.harvard.edu/abs/1974ApJ...189L.105C},
  adsnote = {Provided by the SAO/NASA Astrophysics Data System}
}
@ARTICLE{Dickey90,
   author = {{Dickey}, J.~M. and {Lockman}, F.~J.},
    title = "{H I in the Galaxy}",
  journal = {\araa},
 keywords = {H I REGIONS, MILKY WAY GALAXY, ABSORPTION SPECTRA, LYMAN ALPHA RADIATION, MOLECULAR CLOUDS, RADIO EMISSION, ULTRAVIOLET ASTRONOMY, VERY LONG BASE INTERFEROMETRY},
     year = 1990,
   volume = 28,
    pages = {215-261},
      doi = {10.1146/annurev.aa.28.090190.001243},
   adsurl = {http://adsabs.harvard.edu/abs/1990ARA%26A..28..215D},
  adsnote = {Provided by the SAO/NASA Astrophysics Data System}
}
@ARTICLE{Dobbs08,
   author = {{Dobbs}, C.~L. and {Price}, D.~J.},
    title = "{Magnetic fields and the dynamics of spiral galaxies}",
  journal = {\mnras},
archivePrefix = "arXiv",
   eprint = {0710.3558},
 keywords = {MHD , ISM: clouds , galaxies: magnetic fields , galaxies: spiral , galaxies: structure},
     year = 2008,
    month = jan,
   volume = 383,
    pages = {497-512},
      doi = {10.1111/j.1365-2966.2007.12591.x},
   adsurl = {http://adsabs.harvard.edu/abs/2008MNRAS.383..497D},
  adsnote = {Provided by the SAO/NASA Astrophysics Data System}
}
@manual{Dobler10,
  author    =     "Wolfgang Dobler and Axel Brandenburg",
  title     =     "The Pencil Code: A High-Order MPI code for MHD Turbulence",
  howpublished  =     "\url{http://www.nordita.org/software/pencil-code/}",
  year      =     "2001-2009",
  organization    =   "Nordita"
}
@book{Dyson97,
  author   =   {J. E. Dyson and R. J. Williams},
  booktitle=   {The Physics of the Interstellar Medium},
  publisher=   {IOP Publishing Ltd},
  address  =   {Dirac House, Temple Back, Bristol, BS1 6BE},
  year     =   {1997},
  edition  =   {second},
  chapter  =   {{7.3}}
}
@ARTICLE{F01,
   author = {{Ferri{\`e}re}, K.~M.},
    title = {The interstellar environment of our galaxy},
  journal = {\rmp},
   eprint = {arXiv:astro-ph/0106359},
     year = 2001,
    month = oct,
   volume = 73,
    pages = {1031-1066},
      doi = {10.1103/RevModPhys.73.1031},
   adsurl = {http://adsabs.harvard.edu/abs/2001RvMP...73.1031F},
  adsnote = {Provided by the SAO/NASA Astrophysics Data System}
}
@article{Ferriere01,
   author  =  "Katia M. Ferri{\`{e}}re",
   title   =  "The Interstellar Environment of our Galaxy",
  journal = {\rmp},
   eprint = {arXiv:astro-ph/0106359},
     year = 2001,
    month = oct,
   volume = 73,
    pages = {1031-1066},
      doi = {10.1103/RevModPhys.73.1031},
   adsurl = {http://adsabs.harvard.edu/abs/2001RvMP...73.1031F},
  adsnote = {Provided by the SAO/NASA Astrophysics Data System}
}
@ARTICLE{Field65,
   author = {{Field}, G.~B.},
    title = "{Thermal Instability.}",
  journal = {ApJ},
     year = 1965,
    month = aug,
   volume = 142,
    pages = {531-+},
      doi = {10.1086/148317},
   adsurl = {http://adsabs.harvard.edu/abs/1965ApJ...142..531F},
  adsnote = {Provided by the SAO/NASA Astrophysics Data System}
}
@ARTICLE{FGH69,
   author = {{Field}, G.~B. and {Goldsmith}, D.~W. and {Habing}, H.~J.},
    title = "{Cosmic-Ray Heating of the Interstellar Gas}",
  journal = {ApJ},
     year = 1969,
    month = mar,
   volume = 155,
    pages = {L149},
      doi = {10.1086/180324},
   adsurl = {http://adsabs.harvard.edu/abs/1969ApJ...155L.149F},
  adsnote = {Provided by the SAO/NASA Astrophysics Data System}
}
@misc{Fletcher09,
  author    =     "Andrew Fletcher and Anvar Shukurov",
  title     =     "Galaxies and the Universe: Problems 1.4",
  organization  =  "School on Astrophysical Turbulence and Dynamos",
  address   =  "International Centre for Theoretical Physics",
  howpublished      =     "\url{http://cdsagenda5.ictp.trieste.it/askArchive.php?base=agenda&categ=a08150&id=a08150s5t4/Solutions_to_the_Assignments}",
  year      =     "2009",
  month     =     "April"
}
@ARTICLE{GP99,
   author = {{Gazol-Pati{\~n}o}, A. and {Passot}, T.},
    title = "{A Turbulent Model for the Interstellar Medium. III. Stratification and Supernova Explosions}",
  journal = {\apj},
 keywords = {ISM: BUBBLES, ISM: CLOUDS, INSTABILITIES, MAGNETOHYDRODYNAMICS: MHD, STARS: SUPERNOVAE: GENERAL, TURBULENCE},
     year = 1999,
    month = jun,
   volume = 518,
    pages = {748-759},
      doi = {10.1086/307306},
   adsurl = {http://adsabs.harvard.edu/abs/1999ApJ...518..748G},
  adsnote = {Provided by the SAO/NASA Astrophysics Data System}
}
@ARTICLE{KZ09,
   author = {{Kulesza-{\.Z}ydzik}, B. and {Kulpa-Dybe{\l}}, K. and {Otmianowska-Mazur}, K. and 
    {Kowal}, G. and {Soida}, M.},
    title = "{Formation of gaseous arms in barred galaxies with dynamically important magnetic field: 3D MHD simulations}",
  journal = {\aap},
archivePrefix = "arXiv",
   eprint = {0905.0845},
 primaryClass = "astro-ph.GA",
 keywords = {magnetohydrodynamics (MHD), galaxies: ISM, galaxies: magnetic fields},
     year = 2009,
    month = may,
   volume = 498,
    pages = {L21-L24},
      doi = {10.1051/0004-6361/200911635},
   adsurl = {http://adsabs.harvard.edu/abs/2009A%26A...498L..21K},
  adsnote = {Provided by the SAO/NASA Astrophysics Data System}
}
@ARTICLE{LGS07,
   author = {{Lithwick}, Y. and {Goldreich}, P. and {Sridhar}, S.},
    title = "{Imbalanced Strong MHD Turbulence}",
  journal = {ApJ},
   eprint = {arXiv:astro-ph/0607243},
 keywords = {Magnetohydrodynamics: MHD, Turbulence},
     year = 2007,
    month = jan,
   volume = 655,
    pages = {269-274},
      doi = {10.1086/509884},
   adsurl = {http://adsabs.harvard.edu/abs/2007ApJ...655..269L},
  adsnote = {Provided by the SAO/NASA Astrophysics Data System}
}
@ARTICLE{K98,
   author = {{Kennicutt}, Jr., R.~C.},
    title = "{The Global Schmidt Law in Star-forming Galaxies}",
  journal = {ApJ},
   eprint = {arXiv:astro-ph/9712213},
 keywords = {GALAXIES: EVOLUTION, GALAXIES: ISM, GALAXIES: SPIRAL, GALAXIES: STELLAR CONTENT, GALAXIES: STARBURST, STARS: FORMATION},
     year = 1998,
    month = may,
   volume = 498,
    pages = {541-+},
      doi = {10.1086/305588},
   adsurl = {http://adsabs.harvard.edu/abs/1998ApJ...498..541K},
  adsnote = {Provided by the SAO/NASA Astrophysics Data System}
}
@article{Gressel08,
  author   =  "O. Gressel and D. Elstner and U. Ziegler and G R{\"{u}}diger",
  title    =  "Direct simulations of a supernova-driven galactic dynamo",
  journal  =  "A\&A",
  volume   =  "486",
  pages    =  "L35-L38",
  year     =  "2008"
}
@article{MNR18600,
author = {Cappellari, Michele and Emsellem, Eric and Krajnović, Davor and McDermid, Richard M. and Serra, Paolo and Alatalo, Katherine and Blitz, Leo and Bois, Maxime and Bournaud, Frédéric and Bureau, M. and Davies, Roger L. and Davis, Timothy A. and de Zeeuw, P. T. and Khochfar, Sadegh and Kuntschner, Harald and Lablanche, Pierre-Yves and Morganti, Raffaella and Naab, Thorsten and Oosterloo, Tom and Sarzi, Marc and Scott, Nicholas and Weijmans, Anne-Marie and Young, Lisa M.},
title = {The ATLAS3D project – VII. A new look at the morphology of nearby galaxies: the kinematic morphology–density relation},
journal = {Monthly Notices of the Royal Astronomical Society},
volume = {416},
number = {3},
publisher = {Blackwell Publishing Ltd},
issn = {1365-2966},
url = {http://dx.doi.org/10.1111/j.1365-2966.2011.18600.x},
doi = {10.1111/j.1365-2966.2011.18600.x},
pages = {1680--1696},
keywords = {galaxies: elliptical and lenticular, cD, galaxies: evolution, galaxies: formation, galaxies: kinematics and dynamics, galaxies: structure},
year = {2011}
}
@ARTICLE{Cowie81,
    author = {{Cowie}, L.~L. and {McKee}, C.~F. and {Ostriker}, J.~P.},
     title = "{Supernova remnant revolution in an inhomogeneous medium. I - Numerical models}",
   journal = {\apj},
  keywords = {ASTRONOMICAL MODELS, INTERSTELLAR GAS, MATHEMATICAL MODELS, NEBULAE, STELLAR EVOLUTION, SUPERNOVA REMNANTS, ANISOTROPIC MEDIA, CONTINUITY EQUATION, EQUATIONS OF MOTION, GAS DENSITY, GAS TEMPERATURE},
      year = 1981,
     month = aug,
    volume = 247,
     pages = {908-924},
       doi = {10.1086/159100},
    adsurl = {http://ukads.nottingham.ac.uk/abs/1981ApJ...247..908C},
   adsnote = {Provided by the SAO/NASA Astrophysics Data System}
 }
312,1324d1325
 @ARTICLE{vandenBergh76,
    author = {{van den Bergh}, S.},
     title = "{A new classification system for galaxies}",
   journal = {\apj},
  keywords = {CLASSIFICATIONS, GALACTIC EVOLUTION, GALACTIC STRUCTURE, SPIRAL GALAXIES, ABUNDANCE, ELLIPTICAL GALAXIES, HUBBLE DIAGRAM, INTERSTELLAR GAS, LUMINOUS INTENSITY},
      year = 1976,
     month = jun,
    volume = 206,
     pages = {883-887},
       doi = {10.1086/154452},
    adsurl = {http://ukads.nottingham.ac.uk/abs/1976ApJ...206..883V},
   adsnote = {Provided by the SAO/NASA Astrophysics Data System}
 }
@article{Gressel08a,
  author   =  "O. Gressel and D. Elstner and U. Ziegler and G R{\"{u}}diger",
  title    =  "Dynamo coefficients from local simulations of the turbulent ISM",
  journal  =  "AN",
  volume   =  "329",
  pages    =  "619-624",
  year     =  "2008"
}
@phdthesis{Gressel08b,
  author   =  "Oliver Gressel",
  title    =  "Supernova-driven Turbulence and Magnetic Field Amplification in Disk Galaxies",
  year     =  "2008",
  school   =  "Astrophysikalisches Institut Potsdam"
}
@article{Hanasz02,
  author   =  "M. Hanasz and G. Kowal and K. Otimianowska-Mazur and H. Lesch",
  year     =  "2002",
  month    =  "January",
  title    =  "Topological evolution of Parker-unstable galactic magnetic fields under the influence of Coriolis force and magnetic reconnection",
  journal  =  "A\&A",
  volume   =  "386",
  pages    =  "347-358"
}
@article{Hanasz04,
  author   =  "M. Hanasz and G. Kowal and K. Otimianowska-Mazur and H. Lesch",
  title    =  "Amplification of Galactic Magnetic Fields by the Cosmic-Ray-driven Dynamo",
  year     =  "2004",
  month    =  "April",
  journal  =  "ApJ",
  volume   =  "605",
  pages    =  "L33-L36"
}
@INPROCEEDINGS{Hanasz05,
  author   =  {M. Hanasz and H. Lesch and K. Otimianowska-Mazur and G. Kowal},
  title    =  {Cosmic-Ray-driven dynamo in galactic discs},
  booktitle = {The Magnetized Plasma in Galaxy Evolution},
  year     =  {2005},
  month    =  {June},
  publisher=  {Jagiellonian University, Krak{\'{o}}w},
  editor   =  {K. Chy{\.{z}}y and K. Otmianowska-Mazur and M. Soida and R.-J. Dettmar},
  pages    =  {162-170}
}
@article{Hanasz06,
  author   =  "M. Hanasz and K. Otimianowska-Mazur and G. Kowal and H. Lesch",
  title    =  "Cosmic-Ray-driven dynamo in galactic discs: effects of resistivity",
  year     =  "2006",
  month    =  "June",
  journal  =  "\an",
  volume   =  "327",
  pages    =  "469-472"
}
@ARTICLE{Hanasz09,
   author = {{Hanasz}, M. and {W{\'o}lta{\'n}ski}, D. and {Kowalik}, K.},
    title = "{Global Galactic Dynamo Driven by Cosmic Rays and Exploding Magnetized Stars}",
  journal = {\apj},
archivePrefix = "arXiv",
   eprint = {0907.4891},
 primaryClass = "astro-ph.GA",
 keywords = {cosmic rays, galaxies: ISM, galaxies: magnetic fields, ISM: magnetic fields, MHD},
     year = 2009,
    month = nov,
   volume = 706,
    pages = {L155-L159},
      doi = {10.1088/0004-637X/706/1/L155},
   adsurl = {http://adsabs.harvard.edu/abs/2009ApJ...706L.155H},
  adsnote = {Provided by the SAO/NASA Astrophysics Data System}
}
@article{Joung06,
  author   =  "M. K. Ryan Joung and {Mac Low}, M.-M. ",
  title    =  "Turbulent Structure of a Stratified Supernova-Driven Interstellar Medium",
  journal  =  "ApJ",
  volume   =  "653",
  pages    =  "1266-1279",
  month    =  "December",
  year     =  "2006"
}
@article{Joung09,
  author   =  "M. K. Ryan Joung and {Mac Low}, M.-M. and Greg L. Bryan",
  title    =  "Dependence of Interstellar Turbulent Pressure on Supernova Rate",
  journal  =  "ApJ",
  volume   =  "704",
  pages    =  "137-149",
  month    =  "October",
  year     =  "2009"
}
@INPROCEEDINGS{Korpi99conf,
   author = {{Korpi}, M. and {Brandenburg}, A. and {Shukurov}, A. and {Tuominen}, I.
	},
    title = {Vortical Motions Driven by Supernova Explosions},
booktitle = {Interstellar Turbulence},
     year = 1999,
   editor = {J.~Franco and A.~Carraminana},
    pages = {127},
   adsurl = {http://adsabs.harvard.edu/abs/1999intu.conf..127K},
  adsnote = {Provided by the SAO/NASA Astrophysics Data System}
}
@article{Korpi99a,
  title    =  "Evolution of a superbubble in a turbulent, multi-phased and magnetized ISM",
  author   =  "M. J. Korpi and A. Brandenburg and A. Shukurov and I. Tuominen",
  journal  =  "A\&A",
  volume   =  "350",
  pages    =  "230-239",
  year     =  "1999"
}
@article{Korpi99,
  author   =  "M. J. Korpi and A. Brandenburg and A. Shukurov and I. Tuominen and {\AA}. Nordlund ",
  year     =  "1999",
  month    =  "April",
  title    =  "A supernova-regulated interstellar medium: simulations of the turbulent multiphase medium",
  journal  =  "ApJ",
  volume   =  "514",
  pages    =  "L99-L102"
}
@ARTICLE{KKV10,
   author = {{Korpi}, M.~J. and {K{\"a}pyl{\"a}}, P.~J. and {V{\"a}is{\"a}l{\"a}}, M.~S.
	},
    title = "{Influence of Ohmic diffusion on the excitation and dynamics of MRI}",
  journal = {Astronomische Nachrichten},
archivePrefix = "arXiv",
   eprint = {0909.1724},
 primaryClass = "astro-ph.GA",
 keywords = {accretion, accretion disks, instabilities, magnetohydrodynamics (MHD), turbulence},
     year = 2010,
   volume = 331,
    pages = {34-+},
      doi = {10.1002/asna.200911254},
   adsurl = {http://adsabs.harvard.edu/abs/2010AN....331...34K},
  adsnote = {Provided by the SAO/NASA Astrophysics Data System}
}
@INPROCEEDINGS{Kulkarni87,
   author = {{Kulkarni}, S.~R. and {Heiles}, C.},
    title = {The atomic component},
 keywords = {GALACTIC STRUCTURE, H I REGIONS, INTERSTELLAR MATTER, MASS DISTRIBUTION, ASTRONOMICAL SPECTROSCOPY, GALACTIC COSMIC RAYS, GALACTIC MASS, INTERSTELLAR EXTINCTION, OPTICAL THICKNESS, TEMPERATURE DISTRIBUTION},
booktitle = {Interstellar Processes},
     year = 1987,
   series = {Astrophysics and Space Science Library},
   volume = 134,
   editor = {D.~J.~Hollenbach and H.~A.~Thronson Jr.},
    pages = {87-122},
   adsurl = {http://adsabs.harvard.edu/abs/1987ASSL..134...87K},
  adsnote = {Provided by the SAO/NASA Astrophysics Data System}
}
@INPROCEEDINGS{Kulkarni88,
   author = {{Kulkarni}, S.~R. and {Heiles}, C.},
    title = {Neutral hydrogen and the diffuse interstellar medium},
 keywords = {DIFFUSE RADIATION, HYDROGEN CLOUDS, INTERSTELLAR MATTER, MOLECULAR CLOUDS, ABSORPTION SPECTRA, DARK MATTER, GAS DYNAMICS, H LINES, INTERSTELLAR GAS, INTERSTELLAR MAGNETIC FIELDS, RADIATIVE TRANSFER, SPECTRAL EMISSION},
booktitle = {Galactic and Extragalactic Radio Astronomy},
     year = 1988,
publisher = {Berlin and New York, Springer-Verlag},
   editor = {Kellermann, K.~I. and Verschuur, G.~L.},
    pages = {95-153},
   adsurl = {http://adsabs.harvard.edu/abs/1988gera.book...95K},
  adsnote = {Provided by the SAO/NASA Astrophysics Data System}
}
@ARTICLE{MC11,
   author = {{Mantere}, M.~J. and {Cole}, E.
	},
    title = {Dynamo action in thermally unstable interstellar flows},
  journal = {submitted to ApJ},
     year = 2011
}
@ARTICLE{MO77,
   author = {{McKee}, C.~F. and {Ostriker}, J.~P.},
    title = {A theory of the interstellar medium - Three components regulated by supernova explosions in an inhomogeneous substrate},
  journal = {\apj},
 keywords = {INTERSTELLAR MATTER, NEBULAE, SUPERNOVA REMNANTS, X RAY SOURCES, ABSORPTION SPECTRA, ADIABATIC CONDITIONS, ASTRONOMICAL MODELS, BACKGROUND RADIATION, CLOUDS, EVAPORATION, HIGH TEMPERATURE GASES, RAREFIED GASES},
     year = 1977,
    month = nov,
   volume = 218,
    pages = {148-169},
      doi = {10.1086/155667},
   adsurl = {http://adsabs.harvard.edu/abs/1977ApJ...218..148M},
  adsnote = {Provided by the SAO/NASA Astrophysics Data System}
}
@article{Koyama04,
   author = {{Koyama}, H. and {Inutsuka}, S.-i.},
    title = "{The Field Condition: A New Constraint on Spatial Resolution in Simulations of the Nonlinear Development of Thermal Instability}",
  journal = {\apj},
   eprint = {arXiv:astro-ph/0302126},
 keywords = {Hydrodynamics, Instabilities, ISM: Clouds, Methods: Numerical},
     year = 2004,
    month = feb,
   volume = 602,
    pages = {L25-L28},
      doi = {10.1086/382478},
   adsurl = {http://adsabs.harvard.edu/abs/2004ApJ...602L..25K},
  adsnote = {Provided by the SAO/NASA Astrophysics Data System}
}
@article{Kuijken89,
  author   =  {K. Kuijken and G. Gilmore} ,
  year     =  {1989},
  month    =  {August},
  title    =  {The Mass Distribution in the Galactic Disc - II - Determination of the Surface Mass Density of the Galactic Disc Near the Sun},
  journal  =  {MNRAS},
  volume   =  {239},
  pages    =  {605-649}
}
@article{Li05,
  author   ={  Yuexing Li and {Mac Low}, M.-M. and Ralf S. Klessen},
  title    ={  Control of Star Formation in Galaxies by Gravitational Instability},
  year     ={  2005},
  month    ={  February},
  pages    ={  L19-22},
  volume   ={ 620},
  journal  ={ ApJ}
}
@article{Li05a,
  author   ={  Yuexing Li and {Mac Low}, M.-M. and Ralf S. Klessen},
  title    ={  Star Formation in Isolated Disk Galaxies. I. Models and Characteristics of Nonlinear Gravitational Collapse},
  year     ={  2005},
  month    ={  June},
  pages    ={  823-843},
  volume   ={ 626},
  journal  ={ ApJ}
}
@ARTICLE{Lockman84,
   author = {{Lockman}, F.~J.},
    title = {The H I halo in the inner galaxy},
  journal = {ApJ},
 keywords = {CENTIMETER WAVES, GALACTIC RADIO WAVES, HALOS, MILKY WAY GALAXY, RADIO SOURCES (ASTRONOMY), GALACTIC NUCLEI, HYDROGEN CLOUDS, NEBULAE, OPTICAL THICKNESS, RADIO EMISSION},
     year = 1984,
    month = aug,
   volume = 283,
    pages = {90-97},
      doi = {10.1086/162277},
   adsurl = {http://ads.mao.kiev.ua/abs/1984ApJ...283...90L},
  adsnote = {Provided by the SAO/NASA Astrophysics Data System}
}
@article{MacLow05,
  author   ={  {Mac Low}, M.-M. and Dinshaw L. Balsara and Jongsoo Kim and Miguel A. De Avillez},
  title    ={  The Distribution of Pressures in a Supernova-driven Interstellar Medium. I. Magnetized Medium},
  year     ={  2005},
  month    ={  June},
  pages    ={  864-876},
  volume   ={ 626},
  journal  ={ ApJ}
}
@ARTICLE{Mannucci05,
   author = {{Mannucci}, F. and {Della Valle}, M. and {Panagia}, N. and         {Cappellaro}, E. and
    {Cresci}, G. and {Maiolino}, R. and {Petrosian}, A. and {Turatto}, M.
    },
    title = {The supernova rate per unit mass},
  journal = {\aap},
   eprint = {arXiv:astro-ph/0411450},
 keywords = {stars: supernovae: general, infrared: galaxies},
     year = 2005,
    month = apr,
   volume = 433,
    pages = {807-814},
      doi = {10.1051/0004-6361:20041411},
   adsurl = {http://adsabs.harvard.edu/abs/2005A%26A...433..807M},
  adsnote = {Provided by the SAO/NASA Astrophysics Data System}
}
@INPROCEEDINGS{McKee95,
  author = {McKee, C. F.},
  booktitle = {Physics of the Interstellar Medium and Intergalactic Medium },
  title = {The Phases of the Interstellar Medium,},
  publisher = {Astron. Soc. Pacific, San Francisco},
  editor = {Ferrara, A. and McKee, C. F. and Heiles, C. and Shapiro, P. R.},
  pages = 292,
  volume = 80,
  year = 1995
}
@phdthesis{Mee07,
  author   ={  Antony James William Mee},
  title    ={  Studies of interstellar hydromagnetic turbulence},
  year     ={  2007},
  school   ={  Newcastle University School of Mathematics and Statistics}
}
@article{Ostriker88,
   author = {{Ostriker}, J.~P. and {McKee}, C.~F.},
    title = "{Astrophysical blastwaves}",
  journal = {\rmp},
     year = 1988,
   volume = 60,
    pages = {1-68},
      doi = {10.1103/RevModPhys.60.1},
   adsurl = {http://adsabs.harvard.edu/abs/1988RvMP...60....1O},
  adsnote = {Provided by the SAO/NASA Astrophysics Data System}
} 
@article{Piontek05,
   author = {{Piontek}, R.~A. and {Ostriker}, E.~C.},
    title = "{Saturated-State Turbulence and Structure from Thermal and Magnetorotational Instability in the ISM: Three-dimensional Numerical Simulations}",
  journal = {\apj},
   eprint = {arXiv:astro-ph/0504669},
 keywords = {Galaxies: ISM, Instabilities, ISM: Kinematics and Dynamics, ISM: Magnetic Fields, Magnetohydrodynamics: MHD},
     year = 2005,
    month = aug,
   volume = 629,
    pages = {849-864},
      doi = {10.1086/431549},
   adsurl = {http://adsabs.harvard.edu/abs/2005ApJ...629..849P},
  adsnote = {Provided by the SAO/NASA Astrophysics Data System}
}
@article{Piontek07a,
   author = {{Piontek}, R.~A. and {Ostriker}, E.~C.},
    title = "{Models of Vertically Stratified Two-Phase ISM Disks with MRI-Driven Turbulence}",
  journal = {\apj},
   eprint = {arXiv:astro-ph/0703648},
 keywords = {Galaxies: ISM, Instabilities, ISM: Kinematics and Dynamics, ISM: Magnetic Fields, Magnetohydrodynamics: MHD},
     year = 2007,
    month = jul,
   volume = 663,
    pages = {183-203},
      doi = {10.1086/518103},
   adsurl = {http://adsabs.harvard.edu/abs/2007ApJ...663..183P},
  adsnote = {Provided by the SAO/NASA Astrophysics Data System}
}
@article{Piontek09,
   author = {{Piontek}, R.~A. and {Gressel}, O. and {Ziegler}, U.},
    title = "{Multiphase ISM simulations: comparing NIRVANA and ZEUS}",
  journal = {\aap},
 keywords = {magnetohydrodynamics (MHD), ISM: kinematics and dynamics, ISM: magnetic fields, methods: numerical, galaxies: ISM, turbulence},
     year = 2009,
    month = may,
   volume = 499,
    pages = {633-641},
      doi = {10.1051/0004-6361/20078822},
   adsurl = {http://adsabs.harvard.edu/abs/2009A%26A...499..633P},
  adsnote = {Provided by the SAO/NASA Astrophysics Data System}
}
@article{Raymond76,
   author = {{Raymond}, J.~C. and {Cox}, D.~P. and {Smith}, B.~W.},
    title = "{Radiative cooling of a low-density plasma}",
  journal = {\apj},
 keywords = {COSMIC PLASMA, HIGH TEMPERATURE PLASMAS, RADIANT COOLING, RAREFIED PLASMAS, SPACE ENVIRONMENT SIMULATION, ABUNDANCE, AUTOIONIZATION, BREMSSTRAHLUNG, CALCIUM, ELECTRON-ION RECOMBINATION, FORBIDDEN TRANSITIONS, IRON, NICKEL, RADIATIVE RECOMBINATION},
     year = 1976,
    month = feb,
   volume = 204,
    pages = {290-292},
      doi = {10.1086/154170},
   adsurl = {http://adsabs.harvard.edu/abs/1976ApJ...204..290R},
  adsnote = {Provided by the SAO/NASA Astrophysics Data System}
}
@Article{Raymond77,
   author = {{Raymond}, J.~C. and {Smith}, B.~W.},
    title = "{Soft X-ray spectrum of a hot plasma}",
  journal = {\apj},
 keywords = {HIGH TEMPERATURE PLASMAS, INTERSTELLAR RADIATION, PLASMA SPECTRA, X RAY SPECTRA, ABUNDANCE, ELECTRON ENERGY, ION PRODUCTION RATES, OPTICAL THICKNESS, RECOMBINATION REACTIONS, TABLES (DATA)},
     year = 1977,
    month = dec,
   volume = 35,
    pages = {419-439},
      doi = {10.1086/190486},
   adsurl = {http://adsabs.harvard.edu/abs/1977ApJS...35..419R},
  adsnote = {Provided by the SAO/NASA Astrophysics Data System}
}
@Article{Rosen93,
  author    =    { Alexander Rosen and Joel N. Bregman and Michael L. Norman},
  title     =    { Hydrodynamcal Simulations of Star-Gas Interactions in the Interstellar Medium with an External Gravitational Potential} ,
  journal   =    { ApJ},
  year      =    { 1993} ,
  volume    =    { 413},
  pages     =    { 137-149},
  month     =    { August}
}
@article{Rosen93a,
   author = {{Rosen}, A. and {Bregman}, J.~N. and {Norman}, M.~L.},
    title = "{Hydrodynamical simulations of star-gas interactions in the interstellar medium with an external gravitational potential}",
  journal = {\apj},
 keywords = {GAS-GAS INTERACTIONS, HYDRODYNAMIC EQUATIONS, INTERSTELLAR GAS, NEUTRAL GASES, STAR FORMATION, TWO DIMENSIONAL MODELS, RADIANT COOLING, STELLAR MASS EJECTION, STELLAR MODELS},
     year = 1993,
    month = aug,
   volume = 413,
    pages = {137-149},
      doi = {10.1086/172983},
   adsurl = {http://adsabs.harvard.edu/abs/1993ApJ...413..137R},
  adsnote = {Provided by the SAO/NASA Astrophysics Data System}
}
@ARTICLE{RB95,
   author = {{Rosen}, A. and {Bregman}, J.~N.},
    title = {Global Models of the Interstellar Medium in Disk Galaxies},
  journal = {\apj},
 keywords = {GALAXIES: ISM, GALAXIES: KINEMATICS AND DYNAMICS, HYDRODYNAMICS},
     year = 1995,
    month = feb,
   volume = 440,
    pages = {634-+},
      doi = {10.1086/175303},
   adsurl = {http://cdsads.u-strasbg.fr/abs/1995ApJ...440..634R},
  adsnote = {Provided by the SAO/NASA Astrophysics Data System}
}

@ARTICLE{V-SPP95,
   author = {{V{\'a}zquez-Semadeni}, E. and {Passot}, T. and {Pouquet}, A.},
    title = {A turbulent model for the interstellar medium. 1: Threshold star formation and self-gravity},
  journal = {\apj},
 keywords = {COMPRESSIBLE FLOW, DYNAMIC MODELS, GRAVITATIONAL EFFECTS, H II REGIONS, INTERSTELLAR MATTER, STAR FORMATION, TURBULENCE MODELS, COMPUTERIZED SIMULATION, DENSITY DISTRIBUTION, ENTROPY, HYDRODYNAMIC EQUATIONS, MASS DISTRIBUTION, RADIATIVE HEAT TRANSFER, VELOCITY DISTRIBUTION, VORTICITY},
     year = 1995,
    month = mar,
   volume = 441,
    pages = {702-725},
      doi = {10.1086/175393},
   adsurl = {http://cdsads.u-strasbg.fr/abs/1995ApJ...441..702V},
  adsnote = {Provided by the SAO/NASA Astrophysics Data System}
}


@ARTICLE{PV-SP95,
   author = {{Passot}, T. and {V{\'a}zquez-Semadeni}, E. and {Pouquet}, A.},
    title = {A Turbulent Model for the Interstellar Medium. II. Magnetic Fields and Rotation},
  journal = {\apj},
   eprint = {arXiv:astro-ph/9601182},
 keywords = {ISM: CLOUDS, ISM: MAGNETIC FIELDS, INSTABILITIES, TURBULENCE, HYDRODYNAMICS, ISM: KINEMATICS AND DYNAMICS},
     year = 1995,
    month = dec,
   volume = 455,
    pages = {536-+},
      doi = {10.1086/176603},
   adsurl = {http://cdsads.u-strasbg.fr/abs/1995ApJ...455..536P},
  adsnote = {Provided by the SAO/NASA Astrophysics Data System}
}

@ARTICLE{RBK96,
   author = {{Rosen}, A. and {Bregman}, J.~N. and {Kelson}, D.~D.},
    title = {Global Models of the Galactic Interstellar Medium: Comparison to X-Ray and H i Observations},
  journal = {\apj},
   eprint = {arXiv:astro-ph/9605077},
 keywords = {COSMOLOGY: DIFFUSE RADIATION, HYDRODYNAMICS, ISM: GENERAL, X-RAYS: ISM},
     year = 1996,
    month = oct,
   volume = 470,
    pages = {839-+},
      doi = {10.1086/177915},
   adsurl = {http://cdsads.u-strasbg.fr/abs/1996ApJ...470..839R},
  adsnote = {Provided by the SAO/NASA Astrophysics Data System}
}



@ARTICLE{Raedler80,
   author = {{R\"adler}, {K.-H.}},
    title = {Mean-field approach to spherical dynamo models},
  journal = {Astronomische Nachrichten},
 keywords = {ASTRONOMICAL MODELS, CELESTIAL BODIES, COSMOLOGY, DYNAMO THEORY, MAGNETIC FIELDS, ELECTROMOTIVE FORCES, LINES OF FORCE, MAGNETIC FIELD CONFIGURATIONS, MAGNETIC FLUX, MAGNETOHYDRODYNAMICS},
     year = 1980,
   volume = 301,
    pages = {101-129},
   adsurl = {http://adsabs.harvard.edu/abs/1980AN....301..101R},
  adsnote = {Provided by the SAO/NASA Astrophysics Data System}
}
@ARTICLE{IgorNathan03,
   author = {{Rogachevskii}, I. and {Kleeorin}, N.},
    title = {Electromotive force and large-scale magnetic dynamo in a turbulent flow with a mean shear},
  journal = {Phys.Rev.E},
   eprint = {arXiv:astro-ph/0209309},
 keywords = {Turbulent flows},
     year = 2003,
    month = sep,
   volume = 68,
   number = 3,
    pages = {036301-+},
      doi = {10.1103/PhysRevE.68.036301},
   adsurl = {http://adsabs.harvard.edu/abs/2003PhRvE..68c6301R},
  adsnote = {Provided by the SAO/NASA Astrophysics Data System}
}
@article{Ryu03,
   author = {{Ryu}, D. and {Kim}, J. and {Hong}, S.~S. and {Jones}, T.~W.
    },
    title = "{The Effect of Cosmic-Ray Diffusion on the Parker Instability}",
  journal = {\apj},
   eprint = {arXiv:astro-ph/0301625},
 keywords = {ISM: Cosmic Rays, Instabilities, ISM: Magnetic Fields, Magnetohydrodynamics: MHD},
     year = 2003,
    month = may,
   volume = 589,
    pages = {338-346},
      doi = {10.1086/374392},
   adsurl = {http://adsabs.harvard.edu/abs/2003ApJ...589..338R},
  adsnote = {Provided by the SAO/NASA Astrophysics Data System}
}
@article{Sanchez02,
   author = {{S{\'a}nchez-Salcedo}, F.~J. and {V{\'a}zquez-Semadeni}, E. and 
    {Gazol}, A.},
    title = "{The Nonlinear Development of the Thermal Instability in the Atomic Interstellar Medium and Its Interaction with Random Fluctuations}",
  journal = {\apj},
   eprint = {arXiv:astro-ph/0203067},
 keywords = {Instabilities, ISM: Clouds, ISM: Kinematics and Dynamics},
     year = 2002,
    month = oct,
   volume = 577,
    pages = {768-788},
      doi = {10.1086/342223},
   adsurl = {http://adsabs.harvard.edu/abs/2002ApJ...577..768S},
  adsnote = {Provided by the SAO/NASA Astrophysics Data System}
}
@ARTICLE{Sarazin87,
   author = {{Sarazin}, C.~L. and {White}, III, R.~E.},
    title = {Steady state cooling flow models for normal elliptical galaxies},
  journal = {\apj},
 keywords = {COOLING, COOLING FLOWS (ASTROPHYSICS), ELLIPTICAL GALAXIES, HIGH TEMPERATURE GASES, STEADY STATE, STELLAR MASS, ASTRONOMICAL MODELS, COMPUTATIONAL FLUID DYNAMICS, GALACTIC CLUSTERS, GAS TEMPERATURE, INTERSTELLAR MATTER, X RAYS},
     year = 1987,
    month = sep,
   volume = 320,
    pages = {32-48},
      doi = {10.1086/165522},
   adsurl = {http://adsabs.harvard.edu/abs/1987ApJ...320...32S},
  adsnote = {Provided by the SAO/NASA Astrophysics Data System}
}
@ARTICLE{SB99,
   author = {{Sellwood}, J.~A. and {Balbus}, S.~A.},
    title = {Differential Rotation and Turbulence in Extended H I Disks},
  journal = {ApJ},
   eprint = {arXiv:astro-ph/9806307},
 keywords = {GALAXIES: ISM, GALAXIES: KINEMATICS AND DYNAMICS, HYDRODYNAMICS, INSTABILITIES, RADIO LINES: GALAXIES, TURBULENCE},
     year = 1999,
    month = feb,
   volume = 511,
    pages = {660-665},
      doi = {10.1086/306728},
   adsurl = {http://adsabs.harvard.edu/abs/1999ApJ...511..660S},
  adsnote = {Provided by the SAO/NASA Astrophysics Data System}
}
@ARTICLE{Scalo98,
   author = {{Scalo}, J. and {V{\'a}zquez-Semadeni}, E. and {Chappell}, D. and 
    {Passot}, T.},
    title = "{On the Probability Density Function of Galactic Gas. I. Numerical Simulations and the Significance of the Polytropic Index}",
  journal = {\apj},
   eprint = {arXiv:astro-ph/9710075},
 keywords = {INSTABILITIES, ISM: GENERAL, METHODS: NUMERICAL, MAGNETOHYDRODYNAMICS: MHD, TURBULENCE},
     year = 1998,
    month = sep,
   volume = 504,
    pages = {835},
      doi = {10.1086/306099},
   adsurl = {http://adsabs.harvard.edu/abs/1998ApJ...504..835S},
  adsnote = {Provided by the SAO/NASA Astrophysics Data System}
}
@article{Slyz03,
   author = {{Slyz}, A.~D. and {Kranz}, T. and {Rix}, H.-W.},
    title = "{Exploring spiral galaxy potentials with hydrodynamical simulations}",
  journal = {\mnras},
   eprint = {arXiv:astro-ph/0309597},
 keywords = {hydrodynamics, methods: numerical, galaxies: individual: NGC 4254, galaxies: kinematics and dynamics, galaxies: spiral, galaxies: structure},
     year = 2003,
    month = dec,
   volume = 346,
    pages = {1162-1178},
      doi = {10.1111/j.1365-2966.2003.07166.x},
   adsurl = {http://adsabs.harvard.edu/abs/2003MNRAS.346.1162S},
  adsnote = {Provided by the SAO/NASA Astrophysics Data System}
}
@article{Slyz05,
   author = {{Slyz}, A.~D. and {Devriendt}, J.~E.~G. and {Bryan}, G. and 
    {Silk}, J.},
    title = "{Towards simulating star formation in the interstellar medium}",
  journal = {\mnras},
   eprint = {arXiv:astro-ph/0411383},
 keywords = {hydrodynamics: methods: numerical: stars: formation: ISM: theory: galaxies: general},
     year = 2005,
    month = jan,
   volume = 356,
    pages = {737-752},
      doi = {10.1111/j.1365-2966.2004.08494.x},
   adsurl = {http://adsabs.harvard.edu/abs/2005MNRAS.356..737S},
  adsnote = {Provided by the SAO/NASA Astrophysics Data System}
}
@ARTICLE{SBSBBP98,
   author = {{Sokoloff}, D.~D. and {Bykov}, A.~A. and {Shukurov}, A. and
	{Berkhuijsen}, E.~M. and {Beck}, R. and {Poezd}, A.~D.},
    title = {Depolarization and Faraday effects in galaxies},
  journal = {\mnras},
 keywords = {MAGNETIC FIELDS, POLARIZATION, RADIATION MECHANISMS: NON-THERMAL, GALAXIES: ISM, GALAXIES: SPIRAL, RADIO CONTINUUM: GENERAL},
     year = 1998,
    month = aug,
   volume = 299,
    pages = {189-206},
      doi = {10.1046/j.1365-8711.1998.01782.x},
   adsurl = {http://adsabs.harvard.edu/abs/1998MNRAS.299..189S},
  adsnote = {Provided by the SAO/NASA Astrophysics Data System}
}
@ARTICLE{SBSBBP98e,
   author = {{Sokoloff}, D.~D. and {Bykov}, A.~A. and {Shukurov}, A. and
	{Berkhuijsen}, E.~M. and {Beck}, R. and {Poezd}, A.~D.},
    title = {Erratum: Depolarization and Faraday effects in galaxies},
  journal = {\mnras},
 keywords = {MAGNETIC FIELDS, POLARIZATION, RADIATION MECHANISMS: NON-THERMAL, GALAXIES: ISM, GALAXIES: SPIRAL, RADIO CONTINUUM: GENERAL},
     year = 1999,
    month = feb,
   volume = 303,
    pages = {207-208},
      doi = {10.1046/j.1365-8711.1999.02161.x},
   adsurl = {http://adsabs.harvard.edu/abs/1999MNRAS.303..207S},
  adsnote = {Provided by the SAO/NASA Astrophysics Data System}
}
@ARTICLE{Spitzer90,
   author = {{Spitzer}, Jr., L.},
    title = {Theories of the hot interstellar gas},
  journal = {\araa},
 keywords = {HIGH TEMPERATURE GASES, INTERSTELLAR GAS, SUPERNOVA REMNANTS, ASTRONOMICAL MODELS, INTERSTELLAR MAGNETIC FIELDS, IONIZED GASES, STELLAR ENVELOPES, THERMAL CONDUCTIVITY},
     year = 1990,
   volume = 28,
    pages = {71-101},
      doi = {10.1146/annurev.aa.28.090190.000443},
   adsurl = {http://adsabs.harvard.edu/abs/1990ARA%26A..28...71S},
  adsnote = {Provided by the SAO/NASA Astrophysics Data System}
}
@ARTICLE{TLS94,
   author = {{Tammann}, G.~A. and {L\"offler}, W. and {Schr\"oder}, A.},
    title = {The Galactic supernova rate},
  journal = {ApJS},
 keywords = {MILKY WAY GALAXY, SUPERNOVAE, GALAXIES, GAMMA RAY SPECTRA, LOCAL GROUP (ASTRONOMY), LUMINOSITY, NEUTRINOS, RATES (PER TIME), SUPERNOVA REMNANTS},
     year = 1994,
    month = jun,
   volume = 92,
    pages = {487-493},
      doi = {10.1086/192002},
   adsurl = {http://adsabs.harvard.edu/abs/1994ApJS...92..487T},
  adsnote = {Provided by the SAO/NASA Astrophysics Data System}
}

@article{Tomisaka98,
  author   =  "Kohji Tomisaka",
  year     =  "1998",
  month    =  "March",
  title    =  "Superbubbles in magnetized interstellar media: blowout or confinement?",
  journal  =  "mnras",
  volume   =  "298",
  pages    =  "797-810"
}
@ARTICLE{VS00,
   author = {{V{\'a}zquez-Semadeni}, E. and {Gazol}, A. and {Scalo}, J.},
    title = {Is Thermal Instability Significant in Turbulent Galactic Gas?},
  journal = {\apj},
   eprint = {arXiv:astro-ph/0001027},
 keywords = {Instabilities, ISM: Structure, Turbulence},
     year = 2000,
    month = sep,
   volume = 540,
    pages = {271-285},
      doi = {10.1086/309318},
   adsurl = {http://adsabs.harvard.edu/abs/2000ApJ...540..271V},
  adsnote = {Provided by the SAO/NASA Astrophysics Data System}
}
@article{Wolfire95,
   author = {{Wolfire}, M.~G. and {Hollenbach}, D. and {McKee}, C.~F. and 
    {Tielens}, A.~G.~G.~M. and {Bakes}, E.~L.~O.},
    title = "{The neutral atomic phases of the interstellar medium}",
  journal = {\apj},
 keywords = {ATOMIC ENERGY LEVELS, GAS HEATING, GAS TEMPERATURE, INTERSTELLAR MATTER, ION PRODUCTION RATES, THERMODYNAMIC EQUILIBRIUM, ABUNDANCE, COSMIC BACKGROUND EXPLORER SATELLITE, COSMIC X RAYS, METALLICITY, PARTICLE SIZE DISTRIBUTION, PHASE DIAGRAMS, PHOTOELECTRIC EFFECT, POLYCYCLIC AROMATIC HYDROCARBONS, RADIATION DISTRIBUTION},
     year = 1995,
    month = apr,
   volume = 443,
    pages = {152-168},
      doi = {10.1086/175510},
   adsurl = {http://adsabs.harvard.edu/abs/1995ApJ...443..152W},
  adsnote = {Provided by the SAO/NASA Astrophysics Data System}
}
@article{Wolfire03,
  journal  =  "ApJ",
  volume   =  "587",
  pages    =  "278-311",
  year     =  "2003",
  month    =  " April",
  title    =  "Neutral Atomic Phases of the Interstellar Medium in the Galaxy",
  author   =  "Mark G. Wolfire and Christopher F. McKee and David Hollenbach and A. G. G. M. Tielens"
}
@article{Woltjer72,
  author   =  "L. Woltjer",
  title    =  "Supernova Remnants",
  journal  =  "\araa",
  volume   =  "10",
  pages    =  "129",
  year     =  "1972"
}
@ARTICLE{KKrev09,
   author = {{Kalberla}, P.~M.~W. and {Kerp}, J.},
    title = "{The Hi Distribution of the Milky Way}",
  journal = {\araa},
     year = 2009,
    month = sep,
   volume = 47,
    pages = {27-61},
      doi = {10.1146/annurev-astro-082708-101823},
   adsurl = {http://adsabs.harvard.edu/abs/2009ARA%26A..47...27K},
  adsnote = {Provided by the SAO/NASA Astrophysics Data System}
}
@ARTICLE{Pietz98,
   author = {{Pietz}, J. and {Kerp}, J. and {Kalberla}, P.~M.~W. and {Burton}, W.~B. and 
    {Hartmann}, D. and {Mebold}, U.},
    title = "{The Galactic X-ray halo}",
  journal = {\aap},
 keywords = {GALAXY: HALO, GALAXY: KINEMATICS AND DYNAMICS, X-RAYS: ISM},
     year = 1998,
    month = apr,
   volume = 332,
    pages = {55-70},
   adsurl = {http://adsabs.harvard.edu/abs/1998A%26A...332...55P},
  adsnote = {Provided by the SAO/NASA Astrophysics Data System}
}
@ARTICLE{KDHi08,
   author = {{Kalberla}, P.~M.~W. and {Dedes}, L.},
    title = "{Global properties of the H I distribution in the outer Milky Way. Planar and extra-planar gas}",
  journal = {\aap},
archivePrefix = "arXiv",
   eprint = {0804.4831},
 keywords = {Galaxy: disk, Galaxy: halo, Galaxy: structure, Galaxy: kinematics and dynamics, ISM: structure},
     year = 2008,
    month = sep,
   volume = 487,
    pages = {951-963},
      doi = {10.1051/0004-6361:20079240},
   adsurl = {http://adsabs.harvard.edu/abs/2008A%26A...487..951K},
  adsnote = {Provided by the SAO/NASA Astrophysics Data System}
}
@article{Cox05,
author = {Cox, Donald P.},
title = {THE THREE-PHASE INTERSTELLAR MEDIUM REVISITED},
journal = {Annual Review of Astronomy and Astrophysics},
volume = {43},
number = {1},
pages = {337-385},
year = {2005},
doi = {10.1146/annurev.astro.43.072103.150615},

URL = {http://www.annualreviews.org/doi/abs/10.1146/annurev.astro.43.072103.150615},
eprint = {http://www.annualreviews.org/doi/pdf/10.1146/annurev.astro.43.072103.150615}
}
@ARTICLE{SS96,
   author = {{Savage}, B.~D. and {Sembach}, K.~R.},
    title = "{Interstellar Abundances from Absorption-Line Observations with the Hubble Space Telescope}",
  journal = {\araa},
     year = 1996,
   volume = 34,
    pages = {279-330},
      doi = {10.1146/annurev.astro.34.1.279},
   adsurl = {http://adsabs.harvard.edu/abs/1996ARA%26A..34..279S},
  adsnote = {Provided by the SAO/NASA Astrophysics Data System}
}
@INPROCEEDINGS{Kulsrud78,
   author = {{Kulsrud}, R.~M.},
    title = "{Propagation of cosmic rays through a plasma}",
 keywords = {ASTRONOMICAL MODELS, COSMIC RAYS, ENERGETIC PARTICLES, INTERSTELLAR MATTER, MAGNETOHYDRODYNAMIC WAVES, PLASMA-PARTICLE INTERACTIONS, CIRCULAR POLARIZATION, CYCLOTRON FREQUENCY, CYCLOTRON RESONANCE, FREQUENCY SHIFT, MAGNETICALLY TRAPPED PARTICLES, MAGNETOHYDRODYNAMIC STABILITY, SUPERNOVAE},
booktitle = {Astronomical Papers Dedicated to Bengt Stromgren},
     year = 1978,
   editor = "{A.~Reiz \& T.~Andersen}",
    pages = {317-326},
   adsurl = {http://adsabs.harvard.edu/abs/1978bs...symp..317K},
  adsnote = {Provided by the SAO/NASA Astrophysics Data System}
}
@INPROCEEDINGS{Hanasz11,
   author = {{Hanasz}, M. and {W{\'o}ltanski}, D. and {Kowalik}, K. and {Kotarba}, H.
    },
    title = "{Cosmic-ray driven dynamo in galaxies}",
 keywords = {Galaxies: ISM, Magnetic Fields, ISM: Cosmic Rays, Magnetic Fields, MHD: Dynamos},
booktitle = {IAU Symposium},
     year = 2011,
   series = {IAU Symposium},
   volume = 274,
archivePrefix = "arXiv",
   eprint = {1102.1300},
 primaryClass = "astro-ph.GA",
   editor = "{A.~Bonanno, E.~de Gouveia Dal Pino, \& A.~G.~Kosovichev}",
    month = jun,
    pages = {355-360},
      doi = {10.1017/S1743921311007265},
   adsurl = {http://ukads.nottingham.ac.uk/abs/2011IAUS..274..355H},
  adsnote = {Provided by the SAO/NASA Astrophysics Data System}
}
@ARTICLE{GSFSM13,
   author = {{Gent}, F.~A. and {Shukurov}, A. and {Sarson}, A. and {Fletcher}, G.~R. and 
	{Mantere}, M.~J.},
    title = "{The supernova-regulated ISM - I. The multiphase structure}",
  journal = {\mnras},
archivePrefix = "arXiv",
   eprint = {1204.3567},
 primaryClass = "astro-ph.GA",
 keywords = {hydrodynamics, turbulence, ISM: kinematics and dynamics, ISM: structure, ISM: supernova remnants, galaxies: ISM},
     year = 2013,
    month = jun,
   volume = 432,
    pages = {1396-1423},
      doi = {10.1093/mnras/stt560},
   adsurl = {http://adsabs.harvard.edu/abs/2013MNRAS.432.1396G},
  adsnote = {Provided by the SAO/NASA Astrophysics Data System}
}
@ARTICLE{GSSFM13,
   author = {{Gent}, F.~A. and {Shukurov}, A. and {Sarson}, G.~R. and {Fletcher}, A. and 
	{Mantere}, M.~J.},
    title = "{The supernova-regulated ISM - II. The mean magnetic field}",
  journal = {\mnras},
archivePrefix = "arXiv",
   eprint = {1206.6784},
 primaryClass = "astro-ph.GA",
 keywords = {dynamo, MHD, turbulence, ISM: kinematics and dynamics, galaxies: ISM},
     year = 2013,
    month = mar,
   volume = 430,
    pages = {L40-L44},
      doi = {10.1093/mnrasl/sls042},
   adsurl = {http://adsabs.harvard.edu/abs/2013MNRAS.430L..40G},
  adsnote = {Provided by the SAO/NASA Astrophysics Data System}
}
@ARTICLE{CSY79,
   author = {{Cowie}, L.~L. and {Songaila}, A. and {York}, D.~G.},
    title = "{Orion's Cloak - A rapidly expanding shell of gas centered on the Orion OB1 association}",
  journal = {\apj},
 keywords = {ABSORPTION SPECTROSCOPY, INTERSTELLAR GAS, ORION NEBULA, SUPERNOVA REMNANTS, ULTRAVIOLET ASTRONOMY, ABUNDANCE, CARBON, GAS IONIZATION, H II REGIONS, LINE SPECTRA, NITROGEN, SILICON, STELLAR ENVELOPES},
     year = 1979,
    month = jun,
   volume = 230,
    pages = {469-484},
      doi = {10.1086/157103},
   adsurl = {http://adsabs.harvard.edu/abs/1979ApJ...230..469C},
  adsnote = {Provided by the SAO/NASA Astrophysics Data System}
}
@ARTICLE{KKrev09,
   author = {{Kalberla}, P.~M.~W. and {Kerp}, J.},
    title = "{The Hi Distribution of the Milky Way}",
  journal = {\araa},
     year = 2009,
    month = sep,
   volume = 47,
    pages = {27-61},
      doi = {10.1146/annurev-astro-082708-101823},
   adsurl = {http://adsabs.harvard.edu/abs/2009ARA%26A..47...27K},
  adsnote = {Provided by the SAO/NASA Astrophysics Data System}
}
@ARTICLE{Pietz98,
   author = {{Pietz}, J. and {Kerp}, J. and {Kalberla}, P.~M.~W. and {Burton}, W.~B. and 
    {Hartmann}, D. and {Mebold}, U.},
    title = "{The Galactic X-ray halo}",
  journal = {\aap},
 keywords = {GALAXY: HALO, GALAXY: KINEMATICS AND DYNAMICS, X-RAYS: ISM},
     year = 1998,
    month = apr,
   volume = 332,
    pages = {55-70},
   adsurl = {http://adsabs.harvard.edu/abs/1998A%26A...332...55P},
  adsnote = {Provided by the SAO/NASA Astrophysics Data System}
}
@ARTICLE{KDHi08,
   author = {{Kalberla}, P.~M.~W. and {Dedes}, L.},
    title = "{Global properties of the H I distribution in the outer Milky Way. Planar and extra-planar gas}",
  journal = {\aap},
archivePrefix = "arXiv",
   eprint = {0804.4831},
 keywords = {Galaxy: disk, Galaxy: halo, Galaxy: structure, Galaxy: kinematics and dynamics, ISM: structure},
     year = 2008,
    month = sep,
   volume = 487,
    pages = {951-963},
      doi = {10.1051/0004-6361:20079240},
   adsurl = {http://adsabs.harvard.edu/abs/2008A%26A...487..951K},
  adsnote = {Provided by the SAO/NASA Astrophysics Data System}
}
@article{Cox05,
author = {Cox, Donald P.},
title = {THE THREE-PHASE INTERSTELLAR MEDIUM REVISITED},
journal = {Annual Review of Astronomy and Astrophysics},
volume = {43},
number = {1},
pages = {337-385},
year = {2005},
doi = {10.1146/annurev.astro.43.072103.150615},

URL = {http://www.annualreviews.org/doi/abs/10.1146/annurev.astro.43.072103.150615},
eprint = {http://www.annualreviews.org/doi/pdf/10.1146/annurev.astro.43.072103.150615}
}
@ARTICLE{SS96,
   author = {{Savage}, B.~D. and {Sembach}, K.~R.},
    title = "{Interstellar Abundances from Absorption-Line Observations with the Hubble Space Telescope}",
  journal = {\araa},
     year = 1996,
   volume = 34,
    pages = {279-330},
      doi = {10.1146/annurev.astro.34.1.279},
   adsurl = {http://adsabs.harvard.edu/abs/1996ARA%26A..34..279S},
  adsnote = {Provided by the SAO/NASA Astrophysics Data System}
}
@ARTICLE{Parker69,
   author = {{Parker}, E.~N.},
    title = "{Galactic Effects of the Cosmic-Ray Gas}",
  journal = {\ssr},
     year = 1969,
    month = aug,
   volume = 9,
    pages = {651-712},
      doi = {10.1007/BF00174032},
   adsurl = {http://adsabs.harvard.edu/abs/1969SSRv....9..651P},
  adsnote = {Provided by the SAO/NASA Astrophysics Data System}
}
@ARTICLE{Tutukov00,
     author = {{Tutukov}, A.~V. and {Shustov}, B.~M. and {Wiebe}, D.~S.},
         title = "{The Stellar Epoch in the Evolution of the Galaxy}",
           journal = {Astronomy Reports},
                year = 2000,
                    month = nov,
                       volume = 44,
                           pages = {711-718},
                                 doi = {10.1134/1.1320496},
                                    adsurl = {http://adsabs.harvard.edu/abs/2000ARep...44..711T},
                                      adsnote = {Provided by the SAO/NASA Astrophysics Data System}
}
@ARTICLE{Germano92,
   author = {{Germano}, M.},
    title = "{Turbulence - The filtering approach}",
  journal = {Journal of Fluid Mechanics},
 keywords = {CHAOS, EDDY VISCOSITY, NAVIER-STOKES EQUATION, TURBULENT FLOW, ALGEBRA, COMPUTATIONAL FLUID DYNAMICS, COMPUTERIZED SIMULATION, INVARIANCE},
     year = 1992,
    month = may,
   volume = 238,
    pages = {325-336},
      doi = {10.1017/S0022112092001733},
   adsurl = {http://adsabs.harvard.edu/abs/1992JFM...238..325G},
  adsnote = {Provided by the SAO/NASA Astrophysics Data System}
}
@ARTICLE{VAL81,
   author = {{Vernazza}, J.~E. and {Avrett}, E.~H. and {Loeser}, R.},
    title = "{Structure of the solar chromosphere. III - Models of the EUV brightness components of the quiet-sun}",
  journal = {\apjs},
 keywords = {ATMOSPHERIC MODELS, BRIGHTNESS TEMPERATURE, CHROMOSPHERE, EXTREME ULTRAVIOLET RADIATION, NONEQUILIBRIUM THERMODYNAMICS, RADIATIVE HEAT TRANSFER, SOLAR ATMOSPHERE, ULTRAVIOLET SPECTRA, ATMOSPHERIC HEATING, ATOMIC ENERGY LEVELS, CARBON, GRAPHS (CHARTS), HYDROGEN ATOMS, IRON, LYMAN SPECTRA, SOLAR TEMPERATURE, TABLES (DATA)},
     year = 1981,
    month = apr,
   volume = 45,
    pages = {635-725},
      doi = {10.1086/190731},
   adsurl = {http://adsabs.harvard.edu/abs/1981ApJS...45..635V},
  adsnote = {Provided by the SAO/NASA Astrophysics Data System}
}
@ARTICLE{FSE11,
   author = {{Fedun}, V. and {Shelyag}, S. and {Erd{\'e}lyi}, R.},
    title = "{Numerical Modeling of Footpoint-driven Magneto-acoustic Wave Propagation in a Localized Solar Flux Tube}",
  journal = {\apj},
 keywords = {magnetohydrodynamics: MHD, shock waves, Sun: atmosphere, Sun: oscillations},
     year = 2011,
    month = jan,
   volume = 727,
      eid = {17},
    pages = {17},
      doi = {10.1088/0004-637X/727/1/17},
   adsurl = {http://adsabs.harvard.edu/abs/2011ApJ...727...17F},
  adsnote = {Provided by the SAO/NASA Astrophysics Data System}
}
@ARTICLE{MTW75,
   author = {{McWhirter}, R.~W.~P. and {Thonemann}, P.~C. and {Wilson}, R.
	},
    title = "{The heating of the solar corona. II - A model based on energy balance}",
  journal = {\aap},
 keywords = {ACOUSTIC ATTENUATION, ASTRONOMICAL MODELS, ENERGY BUDGETS, PLASMA HEATING, SOLAR CORONA, CONDUCTIVE HEAT TRANSFER, DENSITY DISTRIBUTION, MAGNETOACOUSTIC WAVES, RADIATIVE HEAT TRANSFER, SOLAR MAGNETIC FIELD, SOUND WAVES, TEMPERATURE DISTRIBUTION},
     year = 1975,
    month = apr,
   volume = 40,
    pages = {63-73},
   adsurl = {http://adsabs.harvard.edu/abs/1975A%26A....40...63M},
  adsnote = {Provided by the SAO/NASA Astrophysics Data System}
}
@BOOK{Priest87,
   author = {{Priest}, E.~R.},
    title = "{Solar magneto-hydrodynamics.}",
booktitle = {Solar magneto-hydrodynamics by E.R.~Priest.~Dordrecht: D.~Reidel, 1987.},
     year = 1987,
   adsurl = {http://adsabs.harvard.edu/abs/1987smh..book.....P},
  adsnote = {Provided by the SAO/NASA Astrophysics Data System}
}
@BOOK{Asch05,
   author = {{Aschwanden}, M.~J.},
    title = "{Physics of the Solar Corona. An Introduction with Problems and Solutions (2nd edition)}",
 keywords = {solar physics, corona, flares, coronal mass ejections},
booktitle = {Pour la Science},
     year = 2005,
    month = dec,
   adsurl = {http://adsabs.harvard.edu/abs/2005psci.book.....A},
  adsnote = {Provided by the SAO/NASA Astrophysics Data System}
}
@INPROCEEDINGS{ST58,
   author = {{Schl{\"u}ter}, A. and {Temesv{\'a}ry}, S.},
    title = "{The Internal Constitution of Sunspots}",
booktitle = {Electromagnetic Phenomena in Cosmical Physics},
     year = 1958,
   series = {IAU Symposium},
   volume = 6,
   editor = {{Lehnert}, B.},
    pages = {263},
   adsurl = {http://adsabs.harvard.edu/abs/1958IAUS....6..263S},
  adsnote = {Provided by the SAO/NASA Astrophysics Data System}
}
@ARTICLE{Deinzer65,
   author = {{Deinzer}, W.},
    title = "{On the Magneto-Hydrostatic Theory of Sunspots.}",
  journal = {\apj},
     year = 1965,
    month = feb,
   volume = 141,
    pages = {548},
      doi = {10.1086/148144},
   adsurl = {http://adsabs.harvard.edu/abs/1965ApJ...141..548D},
  adsnote = {Provided by the SAO/NASA Astrophysics Data System}
}
@ARTICLE{GJ07,
   author = {{Gordovskyy}, M. and {Jain}, R.},
    title = "{Scattering of p-Modes by a Thin Magnetic Flux Tube}",
  journal = {\apj},
 keywords = {Magnetic Fields, Sun: Helioseismology, Sun: Sunspots},
     year = 2007,
    month = may,
   volume = 661,
    pages = {586-592},
      doi = {10.1086/513737},
   adsurl = {http://adsabs.harvard.edu/abs/2007ApJ...661..586G},
  adsnote = {Provided by the SAO/NASA Astrophysics Data System}
}
@ARTICLE{SR05,
   author = {{Sch{\"u}ssler}, M. and {Rempel}, M.},
    title = "{The dynamical disconnection of sunspots from their magnetic roots}",
  journal = {\aap},
   eprint = {arXiv:astro-ph/0506654},
 keywords = {magnetohydrodynamics (MHD), Sun: activity, Sun: magnetic fields, Sun: sunspots},
     year = 2005,
    month = oct,
   volume = 441,
    pages = {337-346},
      doi = {10.1051/0004-6361:20052962},
   adsurl = {http://adsabs.harvard.edu/abs/2005A%26A...441..337S},
  adsnote = {Provided by the SAO/NASA Astrophysics Data System}
}
@ARTICLE{Zwaan78,
   author = {{Zwaan}, C.},
    title = "{On the Appearance of Magnetic Flux in the Solar Photosphere}",
  journal = {\solphys},
     year = 1978,
    month = dec,
   volume = 60,
    pages = {213-240},
      doi = {10.1007/BF00156523},
   adsurl = {http://adsabs.harvard.edu/abs/1978SoPh...60..213Z},
  adsnote = {Provided by the SAO/NASA Astrophysics Data System}
}
@ARTICLE{MGRZSPTO04,
   author = {{Manchester}, W.~B. and {Gombosi}, T.~I. and {Roussev}, I. and 
	{de Zeeuw}, D.~L. and {Sokolov}, I.~V. and {Powell}, K.~G. and 
	{T{\'o}th}, G. and {Opher}, M.},
    title = "{Three-dimensional MHD simulation of a flux rope driven CME}",
  journal = {Journal of Geophysical Research (Space Physics)},
 keywords = {Solar Physics, Astrophysics, and Astronomy: Coronal mass ejections, and Astronomy: Magnetic fields, and Astronomy: Corona, and Astronomy: Prominence eruptions, magnetohydrodynamics, Sun, coronal mass ejection},
     year = 2004,
    month = jan,
   volume = 109,
      eid = {A01102},
    pages = {1102},
      doi = {10.1029/2002JA009672},
   adsurl = {http://adsabs.harvard.edu/abs/2004JGRA..109.1102M},
  adsnote = {Provided by the SAO/NASA Astrophysics Data System}
}
@ARTICLE{GJ09,
   author = {{Gascoyne}, A. and {Jain}, R.},
    title = "{The role of magnetic fields in the scattering of p-modes}",
  journal = {\aap},
 keywords = {sun: magnetic fields, sun: helioseismology, sun: oscillations, magnetohydrodynamics (MHD), scattering},
     year = 2009,
    month = jul,
   volume = 501,
    pages = {1131-1137},
      doi = {10.1051/0004-6361/200911711},
   adsurl = {http://adsabs.harvard.edu/abs/2009A%26A...501.1131G},
  adsnote = {Provided by the SAO/NASA Astrophysics Data System}
}
@ARTICLE{ASA01,
   author = {{Aschwanden}, M.~J. and {Schrijver}, C.~J. and {Alexander}, D.
	},
    title = "{Modeling of Coronal EUV Loops Observed with TRACE. I. Hydrostatic Solutions with Nonuniform Heating}",
  journal = {\apj},
 keywords = {Hydrodynamics, Sun: Activity, Sun: Corona, Sun: UV Radiation},
     year = 2001,
    month = apr,
   volume = 550,
    pages = {1036-1050},
      doi = {10.1086/319796},
   adsurl = {http://adsabs.harvard.edu/abs/2001ApJ...550.1036A},
  adsnote = {Provided by the SAO/NASA Astrophysics Data System}
}
@ARTICLE{WWM03,
   author = {{Winebarger}, A.~R. and {Warren}, H.~P. and {Mariska}, J.~T.
	},
    title = "{Transition Region and Coronal Explorer and Soft X-Ray Telescope Active Region Loop Observations: Comparisons with Static Solutions of the Hydrodynamic Equations}",
  journal = {\apj},
 keywords = {Hydrodynamics, Sun: Activity, Sun: Corona, Sun: Magnetic Fields},
     year = 2003,
    month = apr,
   volume = 587,
    pages = {439-449},
      doi = {10.1086/368017},
   adsurl = {http://adsabs.harvard.edu/abs/2003ApJ...587..439W},
  adsnote = {Provided by the SAO/NASA Astrophysics Data System}
}

@article{hunter2007,
	title = {Matplotlib: A {2D} graphics environment},
	volume = {9},
	abstract = {Matplotlib is a {2D} graphics package used for Python for application development, interactive scripting, and publication-quality image generation across user interfaces and operating systems.},
	number = {3},
	journal = {Computing In Science \& Engineering},
	author = {Hunter, J. D},
	year = {2007},
	pages = {90--95}
}
@misc{jones2001,
	title = {{SciPy:} Open source scientific tools for Python},
	author = {Jones, E and Oliphant, T and Peterson, P and Others},
	year = {2001},
howpublished = "http://www.scipy.org/"
}
@article{ramachandran2011,
	title = {Mayavi: {3D} Visualization of Scientific Data},
	volume = {13},
	number = {2},
	journal = {Computing in Science \& Engineering},
	author = {Ramachandran, P and Varoquaux, G},
	year = {2011},
	pages = {40--51}
}

@ARTICLE{SFE08,
   author = {{Shelyag}, S. and {Fedun}, V. and {Erd{\'e}lyi}, R.},
    title = "{Magnetohydrodynamic code for gravitationally-stratified media}",
  journal = {\aap},
 keywords = {methods: numerical, magnetohydrodynamcs (MHD), plasmas, Sun: general},
     year = 2008,
    month = aug,
   volume = 486,
    pages = {655-662},
      doi = {10.1051/0004-6361:200809800},
   adsurl = {http://adsabs.harvard.edu/abs/2008A%26A...486..655S},
  adsnote = {Provided by the SAO/NASA Astrophysics Data System}
}
@ARTICLE{Toth96,
   author = {{T\'oth}, G.},
    title = "{General Code for Modeling MHD flows on Parallel Computers:
Versatile Advection Code}",
  journal = {Astrophys. Lett. \& Commun.},
     year = 1996,
   volume = 34,
    pages = {245},
}
@ARTICLE{Low80,
   author = {{Low}, B.~C.},
    title = "{Exact static equilibrium of vertically oriented magnetic flux tubes. I - The Schlueter-Temesvary sunspot}",
  journal = {\solphys},
 keywords = {ATMOSPHERIC STRATIFICATION, EQUILIBRIUM EQUATIONS, MAGNETIC FLUX, MAGNETOSTATICS, SOLAR ATMOSPHERE, SUNSPOTS, CYLINDRICAL BODIES, DENSITY DISTRIBUTION, HIGH TEMPERATURE PLASMAS, MATHEMATICAL MODELS, PRESSURE DISTRIBUTION, PRESSURE GRADIENTS, SOLAR MAGNETIC FIELD, SOLAR TEMPERATURE, STRATIFIED FLOW, TEMPERATURE DISTRIBUTION, VERTICAL ORIENTATION},
     year = 1980,
    month = aug,
   volume = 67,
    pages = {57-77},
      doi = {10.1007/BF00146682},
   adsurl = {http://adsabs.harvard.edu/abs/1980SoPh...67...57L},
  adsnote = {Provided by the SAO/NASA Astrophysics Data System}
}
@ARTICLE{KC12,
   author = {{Khomenko}, E. and {Collados}, M.},
    title = "{Heating of the Magnetized Solar Chromosphere by Partial Ionization Effects}",
  journal = {\apj},
archivePrefix = "arXiv",
   eprint = {1112.3374},
 primaryClass = "astro-ph.SR",
 keywords = {methods: numerical, Sun: chromosphere, Sun: surface magnetism},
     year = 2012,
    month = mar,
   volume = 747,
      eid = {87},
    pages = {87},
      doi = {10.1088/0004-637X/747/2/87},
   adsurl = {http://adsabs.harvard.edu/abs/2012ApJ...747...87K},
  adsnote = {Provided by the SAO/NASA Astrophysics Data System}
}
@ARTICLE{KCF08,
   author = {{Khomenko}, E. and {Collados}, M. and {Felipe}, T.},
    title = "{Nonlinear Numerical Simulations of Magneto-Acoustic Wave Propagation in Small-Scale Flux Tubes}",
  journal = {\solphys},
archivePrefix = "arXiv",
   eprint = {0710.3335},
 keywords = {Photosphere, Chromosphere, Magnetohydrodynamics, Oscillations, Magnetic fields},
     year = 2008,
    month = sep,
   volume = 251,
    pages = {589-611},
      doi = {10.1007/s11207-008-9133-8},
   adsurl = {http://adsabs.harvard.edu/abs/2008SoPh..251..589K},
  adsnote = {Provided by the SAO/NASA Astrophysics Data System}
}
@ARTICLE{RW78,
   author = {{Roberts}, B. and {Webb}, A.~R.},
    title = "{Vertical motions in an intense magnetic flux tube}",
  journal = {\solphys},
 keywords = {MAGNETIC FLUX, PHOTOSPHERE, SOLAR ATMOSPHERE, SOLAR MAGNETIC FIELD, VERTICAL MOTION, COMPRESSIBILITY, PRESSURE EFFECTS, WEIGHTLESSNESS},
     year = 1978,
    month = jan,
   volume = 56,
    pages = {5-35},
      doi = {10.1007/BF00152630},
   adsurl = {http://adsabs.harvard.edu/abs/1978SoPh...56....5R},
  adsnote = {Provided by the SAO/NASA Astrophysics Data System}
}

@ARTICLE{SS90,
   author = {{Solanki}, S.~K. and {Steiner}, O.},
    title = "{How magnetic is the solar chromosphere?}",
  journal = {\aap},
 keywords = {CHROMOSPHERE, SOLAR MAGNETIC FIELD, STELLAR MAGNETIC FIELDS, MAGNETIC FLUX, MAGNETOHYDROSTATICS, SOLAR ATMOSPHERE, STELLAR MODELS},
     year = 1990,
    month = aug,
   volume = 234,
    pages = {519-529},
   adsurl = {http://adsabs.harvard.edu/abs/1990A%26A...234..519S},
  adsnote = {Provided by the SAO/NASA Astrophysics Data System}
}
@ARTICLE{FES09,
   author = {{Fedun}, V. and {Erd{\'e}lyi}, R. and {Shelyag}, S.},
    title = "{Oscillatory Response of the 3D Solar Atmosphere to the Leakage of Photospheric Motion}",
  journal = {\solphys},
 keywords = {Magnetic flux tube, MHD waves, Solar atmosphere},
     year = 2009,
    month = sep,
   volume = 258,
    pages = {219-241},
      doi = {10.1007/s11207-009-9407-9},
   adsurl = {http://adsabs.harvard.edu/abs/2009SoPh..258..219F},
  adsnote = {Provided by the SAO/NASA Astrophysics Data System}
}
@ARTICLE{SZFET09,
   author = {{Shelyag}, S. and {Zharkov}, S. and {Fedun}, V. and {Erd{\'e}lyi}, R. and 
	{Thompson}, M.~J.},
    title = "{Acoustic wave propagation in the solar sub-photosphere with localised magnetic field concentration: effect of magnetic tension}",
  journal = {\aap},
archivePrefix = "arXiv",
   eprint = {0901.3680},
 primaryClass = "astro-ph.SR",
 keywords = {Sun: helioseismology, Sun: magnetic fields, Sun: oscillations, Sun: photosphere, Sun: sunspots},
     year = 2009,
    month = jul,
   volume = 501,
    pages = {735-743},
      doi = {10.1051/0004-6361/200911709},
   adsurl = {http://adsabs.harvard.edu/abs/2009A%26A...501..735S},
  adsnote = {Provided by the SAO/NASA Astrophysics Data System}
}
@ARTICLE{VFHE12,
   author = {{Vigeesh}, G. and {Fedun}, V. and {Hasan}, S.~S. and {Erd{\'e}lyi}, R.
	},
    title = "{Three-dimensional Simulations of Magnetohydrodynamic Waves in Magnetized Solar Atmosphere}",
  journal = {\apj},
archivePrefix = "arXiv",
   eprint = {1109.6471},
 primaryClass = "astro-ph.SR",
 keywords = {magnetic fields, magnetohydrodynamics: MHD, Sun: atmosphere, Sun: surface magnetism, waves},
     year = 2012,
    month = aug,
   volume = 755,
      eid = {18},
    pages = {18},
      doi = {10.1088/0004-637X/755/1/18},
   adsurl = {http://adsabs.harvard.edu/abs/2012ApJ...755...18V},
  adsnote = {Provided by the SAO/NASA Astrophysics Data System}
}

@ARTICLE{SFKEM11,
   author = {{Shelyag}, S. and {Fedun}, V. and {Keenan}, F.~P. and {Erd{\'e}lyi}, R. and 
	{Mathioudakis}, M.},
    title = "{Photospheric magnetic vortex structures}",
  journal = {Annales Geophysicae},
     year = 2011,
    month = may,
   volume = 29,
    pages = {883-887},
      doi = {10.5194/angeo-29-883-2011},
   adsurl = {http://adsabs.harvard.edu/abs/2011AnGeo..29..883S},
  adsnote = {Provided by the SAO/NASA Astrophysics Data System}
}
@ARTICLE{TBG12,
   author = {{Treumann}, R.~A. and {Baumjohann}, W. and {Gonzalez}, W.~D.
	},
    title = "{Collisionless reconnection: magnetic field line interaction}",
  journal = {Annales Geophysicae},
     year = 2012,
    month = oct,
   volume = 30,
    pages = {1515-1528},
      doi = {10.5194/angeo-30-1515-2012},
   adsurl = {http://adsabs.harvard.edu/abs/2012AnGeo..30.1515T},
  adsnote = {Provided by the SAO/NASA Astrophysics Data System}
}
@ARTICLE{HJMBM12,
       author = {{Hill}, A.~S. and {Joung}, M.~R. and {Mac Low}, M.-M. and {Benjamin}, R.~A. and 
        {Haffner}, L.~M. and {Klingenberg}, C. and {Waagan}, K.},
        title = "{Vertical Structure of a Supernova-driven Turbulent, Magnetized Interstellar Medium}",
      journal = {\apj},
archivePrefix = "arXiv",
       eprint = {1202.0552},
 primaryClass = "astro-ph.GA",
     keywords = {Galaxy: disk, Galaxy: structure, ISM: kinematics and dynamics, ISM: structure, magnetohydrodynamics: MHD, turbulence },
         year = 2012,
        month = may,
       volume = 750,
          eid = {104},
        pages = {104-122},
          doi = {10.1088/0004-637X/750/2/104},
       adsurl = {http://adsabs.harvard.edu/abs/2012ApJ...750..104H},
      adsnote = {Provided by the SAO/NASA Astrophysics Data System}
}
@ARTICLE{DBP11,
   author = {{Dobbs}, C.~L. and {Burkert}, A. and {Pringle}, J.~E.},
    title = "{The properties of the interstellar medium in disc galaxies with stellar feedback}",
  journal = {\mnras},
archivePrefix = "arXiv",
   eprint = {1107.0154},
 primaryClass = "astro-ph.GA",
 keywords = {hydrodynamics, ISM: clouds, ISM: evolution, ISM: kinematics and dynamics, galaxies: ISM},
     year = 2011,
    month = oct,
   volume = 417,
    pages = {1318-1334},
      doi = {10.1111/j.1365-2966.2011.19346.x},
   adsurl = {http://adsabs.harvard.edu/abs/2011MNRAS.417.1318D},
  adsnote = {Provided by the SAO/NASA Astrophysics Data System}
}
@MISC{GFMG13SAC,
   author = {{Griffiths}, M. and {Fedun}, V. and {Mumford}, S. and {Gent}, F.
	},
    title = "{SAC: Sheffield Advanced Code}",
     note = {Astrophysics Source Code Library},
     year = 2013,
archivePrefix = "ascl",
   eprint = {1306.001},
    month = jun,
   adsurl = {http://adsabs.harvard.edu/abs/2013ascl.soft06001G},
  adsnote = {Provided by the SAO/NASA Astrophysics Data System}
}
@ARTICLE{dummy,
   author = {{References?}, A. },
    title = "{Add references here}",
  journal = {a journal},
     year = 00,
    month = jan,
   volume = 1,
    pages = {1-1},
}
@ARTICLE{MFE14,
   author = {{Mumford}, S.~J. and {Fedun}, V. and {Erd{\'e}lyi}, R.},
    title = "{3D Simulations of Magnetohydrodynamic Waves in Lower Solar Atmospheric Flux Tubes Driven by Photospheric Motion}",
  journal = {ArXiv e-prints},
archivePrefix = "arXiv",
   eprint = {1305.7415},
 primaryClass = "astro-ph.SR",
 keywords = {Astrophysics - Solar and Stellar Astrophysics},
     year = 2014,
    month = may,
   adsurl = {http://adsabs.harvard.edu/abs/2013arXiv1305.7415M},
  adsnote = {Provided by the SAO/NASA Astrophysics Data System}
}
@article{GFME13a,
   author = {{Gent}, F.~A. and {Fedun}, V. and {Mumford}, S.~J. and {Erd{\'e}lyi}, R.
	},
    title = "{Magnetohydrostatic equilibrium - I. Three-dimensional open magnetic flux tube in the stratified solar atmosphere}",
  journal = {\mnras},
 keywords = {instabilities, magnetic fields, MHD, Sun: atmosphere, Sun: transition region},
     year = 2013,
    month = oct,
   volume = 435,
    pages = {689-697},
      doi = {10.1093/mnras/stt1328},
   adsurl = {http://adsabs.harvard.edu/abs/2013MNRAS.435..689G},
  adsnote = {Provided by the SAO/NASA Astrophysics Data System}
}
@ARTICLE{Parker79,
   author = {{Parker}, E.~N.},
    title = "{Sunspots and the physics of magnetic flux tubes. I - The general nature of the sunspot. II - Aerodynamic drag}",
  journal = {\apj},
 keywords = {AERODYNAMIC DRAG, DYNAMIC STABILITY, MAGNETIC FIELD CONFIGURATIONS, MAGNETIC FLUX, SUNSPOTS, ASYMMETRY, CONVECTIVE FLOW, FLUID DYNAMICS, MAGNETOHYDRODYNAMIC WAVES, MAGNETOHYDRODYNAMICS, QUALITATIVE ANALYSIS, SOLAR PHYSICS, STANDING WAVES, VERTICAL MOTION},
     year = 1979,
    month = jun,
   volume = 230,
    pages = {905-923},
      doi = {10.1086/157150},
   adsurl = {http://adsabs.harvard.edu/abs/1979ApJ...230..905P},
  adsnote = {Provided by the SAO/NASA Astrophysics Data System}
}
@INBOOK{Ebook08,
   author = {{Erd{\'e}lyi}, R.},
    title = "{Chapter 5: Waves and Oscillations in the Solar Atmosphere}",
booktitle = {Physics of the Sun and its Atmosphere},
     year = 2008,
    month = oct,
   editor = {{Dwivedi}, B.~N. and {Narain}, U.},
    pages = {61-108},
      doi = {10.1142/9789812832726_0005},
   adsurl = {http://adsabs.harvard.edu/abs/2008psa..book...61E},
  adsnote = {Provided by the SAO/NASA Astrophysics Data System}
}

@ARTICLE{JMMKAB07,
   author = {{Jess}, D.~B. and {McAteer}, R.~T.~J. and {Mathioudakis}, M. and 
	{Keenan}, F.~P. and {Andic}, A. and {Bloomfield}, D.~S.},
    title = "{Twisting flux tubes as a cause of micro-flaring activity}",
  journal = {\aap},
archivePrefix = "arXiv",
   eprint = {0709.2268},
 keywords = {waves, Sun: activity, Sun: evolution, Sun: flares, Sun: oscillations, Sun: photosphere},
     year = 2007,
    month = dec,
   volume = 476,
    pages = {971-977},
      doi = {10.1051/0004-6361:20077916},
   adsurl = {http://adsabs.harvard.edu/abs/2007A%26A...476..971J},
  adsnote = {Provided by the SAO/NASA Astrophysics Data System}
}
@ARTICLE{MVJKRME12,
   author = {{Morton}, R.~J. and {Verth}, G. and {Jess}, D.~B. and {Kuridze}, D. and 
	{Ruderman}, M.~S. and {Mathioudakis}, M. and {Erd{\'e}lyi}, R.
	},
    title = "{Observations of ubiquitous compressive waves in the Sun's chromosphere}",
  journal = {Nature Communications},
archivePrefix = "arXiv",
   eprint = {1306.4124},
 primaryClass = "astro-ph.SR",
     year = 2012,
    month = dec,
   volume = 3,
      eid = {1315},
      doi = {10.1038/ncomms2324},
   adsurl = {http://adsabs.harvard.edu/abs/2012NatCo...3E1315M},
  adsnote = {Provided by the SAO/NASA Astrophysics Data System}
}
@ARTICLE{HvBKS05,
   author = {{Hasan}, S.~S. and {van Ballegooijen}, A.~A. and {Kalkofen}, W. and 
	{Steiner}, O.},
    title = "{Dynamics of the Solar Magnetic Network: Two-dimensional MHD Simulations}",
  journal = {\apj},
   eprint = {astro-ph/0503525},
 keywords = {Magnetohydrodynamics: MHD, Sun: Chromosphere, Sun: Magnetic Fields, Sun: Oscillations},
     year = 2005,
    month = oct,
   volume = 631,
    pages = {1270-1280},
      doi = {10.1086/432655},
   adsurl = {http://adsabs.harvard.edu/abs/2005ApJ...631.1270H},
  adsnote = {Provided by the SAO/NASA Astrophysics Data System}
}
@ARTICLE{VHS09,
   author = {{Vigeesh}, G. and {Hasan}, S.~S. and {Steiner}, O.},
    title = "{Wave propagation and energy transport in the magnetic network of the Sun}",
  journal = {\aap},
archivePrefix = "arXiv",
   eprint = {0909.2325},
 primaryClass = "astro-ph.SR",
 keywords = {Sun: magnetic fields, Sun: photosphere, Sun: faculae, plages, magnetohydrodynamics (MHD), waves},
     year = 2009,
    month = dec,
   volume = 508,
    pages = {951-962},
      doi = {10.1051/0004-6361/200912450},
   adsurl = {http://adsabs.harvard.edu/abs/2009A%26A...508..951V},
  adsnote = {Provided by the SAO/NASA Astrophysics Data System}
}
@ARTICLE{HvB08,
   author = {{Hasan}, S.~S. and {van Ballegooijen}, A.~A.},
    title = "{Dynamics of the Solar Magnetic Network. II. Heating the Magnetized Chromosphere}",
  journal = {\apj},
archivePrefix = "arXiv",
   eprint = {0802.3509},
 keywords = {Magnetohydrodynamics: MHD, Sun: Chromosphere, Sun: Magnetic Fields, Sun: Oscillations},
     year = 2008,
    month = jun,
   volume = 680,
    pages = {1542-1552},
      doi = {10.1086/587773},
   adsurl = {http://adsabs.harvard.edu/abs/2008ApJ...680.1542H},
  adsnote = {Provided by the SAO/NASA Astrophysics Data System}
}
@ARTICLE{FVJE11,
   author = {{Fedun}, V. and {Verth}, G. and {Jess}, D.~B. and {Erd{\'e}lyi}, R.
	},
    title = "{Frequency Filtering of Torsional Alfv{\'e}n Waves by Chromospheric Magnetic Field}",
  journal = {\apjl},
 keywords = {magnetic fields, magnetohydrodynamics: MHD, Sun: atmosphere, Sun: chromosphere, Sun: photosphere},
     year = 2011,
    month = oct,
   volume = 740,
      eid = {L46},
    pages = {L46},
      doi = {10.1088/2041-8205/740/2/L46},
   adsurl = {http://adsabs.harvard.edu/abs/2011ApJ...740L..46F},
  adsnote = {Provided by the SAO/NASA Astrophysics Data System}
}
@ARTICLE{HMI07,
   author = {{Kosovichev}, A.~G. and {HMI Science Team}},
    title = "{Helioseismology program for Solar Dynamics Observatory}",
  journal = {Astronomische Nachrichten},
 keywords = {Sun: activity, Sun: helioseismology},
     year = 2007,
    month = mar,
   volume = 328,
    pages = {339},
      doi = {10.1002/asna.200710740},
   adsurl = {http://adsabs.harvard.edu/abs/2007AN....328..339K},
  adsnote = {Provided by the SAO/NASA Astrophysics Data System}
}
@ARTICLE{DeF07,
   author = {{DeForest}, C.~E.},
    title = "{On the Size of Structures in the Solar Corona}",
  journal = {\apj},
   eprint = {astro-ph/0610178},
 keywords = {Sun: Corona},
     year = 2007,
    month = may,
   volume = 661,
    pages = {532-542},
      doi = {10.1086/515561},
   adsurl = {http://adsabs.harvard.edu/abs/2007ApJ...661..532D},
  adsnote = {Provided by the SAO/NASA Astrophysics Data System}
}
@ARTICLE{TS03,
   author = {{Schrijver}, C.~J. and {Title}, A.~M.},
    title = "{The Magnetic Connection between the Solar Photosphere and the Corona}",
  journal = {\apjl},
 keywords = {Sun: Activity, Sun: Atmosphere, Sun: Magnetic Fields},
     year = 2003,
    month = nov,
   volume = 597,
    pages = {L165-L168},
      doi = {10.1086/379870},
   adsurl = {http://adsabs.harvard.edu/abs/2003ApJ...597L.165S},
  adsnote = {Provided by the SAO/NASA Astrophysics Data System}
}
@BOOK{1992str..book.....M,
   author = {{Mariska}, J.~T.},
    title = "{The solar transition region}",
 keywords = {SUN, SOLAR PHYSICS, TRANSITION REGION},
booktitle = {Cambridge Astrophysics Series, New York: Cambridge University Press, |c1992},
     year = 1992,
   adsurl = {http://adsabs.harvard.edu/abs/1992str..book.....M},
  adsnote = {Provided by the SAO/NASA Astrophysics Data System}
}
@BOOK{M93book,
   author = {{Mariska}, J.~T.},
    title = "{The Solar Transition Region}",
booktitle = {The Solar Transition Region, by John T.~Mariska, pp.~290.~ISBN 0521382610.~Cambridge, UK: Cambridge University Press, January 1993.},
     year = 1993,
    month = jan,
   adsurl = {http://adsabs.harvard.edu/abs/1993str..book.....M},
  adsnote = {Provided by the SAO/NASA Astrophysics Data System}
}
@ARTICLE{DRM86,
   author = {{Dowdy}, Jr., J.~F. and {Rabin}, D. and {Moore}, R.~L.},
    title = "{On the magnetic structure of the quiet transition region}",
  journal = {\solphys},
 keywords = {CHROMOSPHERE, MAGNETIC FIELD CONFIGURATIONS, SOLAR CORONA, SOLAR MAGNETIC FIELD, FINE STRUCTURE, LINES OF FORCE, TRANSITION},
     year = 1986,
    month = may,
   volume = 105,
    pages = {35-45},
      doi = {10.1007/BF00156374},
   adsurl = {http://adsabs.harvard.edu/abs/1986SoPh..105...35D},
  adsnote = {Provided by the SAO/NASA Astrophysics Data System}
}
@ARTICLE{Solanki93,
   author = {{Solanki}, S.~K.},
    title = "{Smallscale Solar Magnetic Fields - an Overview}",
  journal = {\ssr},
     year = 1993,
    month = mar,
   volume = 63,
    pages = {1-188},
      doi = {10.1007/BF00749277},
   adsurl = {http://adsabs.harvard.edu/abs/1993SSRv...63....1S},
  adsnote = {Provided by the SAO/NASA Astrophysics Data System}
}
@ARTICLE{dPTE03,
   author = {{De Pontieu}, B. and {Tarbell}, T. and {Erd{\'e}lyi}, R.},
    title = "{Correlations on Arcsecond Scales between Chromospheric and Transition Region Emission in Active Regions}",
  journal = {\apj},
 keywords = {Magnetic Fields, Magnetohydrodynamics: MHD, Sun: Chromosphere, Sun: Transition Region, Sun: UV Radiation},
     year = 2003,
    month = jun,
   volume = 590,
    pages = {502-518},
      doi = {10.1086/374928},
   adsurl = {http://adsabs.harvard.edu/abs/2003ApJ...590..502D},
  adsnote = {Provided by the SAO/NASA Astrophysics Data System}
}
@ARTICLE{Gabriel76,
   author = {{Gabriel}, A.~H.},
    title = "{A magnetic model of the solar transition region}",
  journal = {Royal Society of London Philosophical Transactions Series A},
 keywords = {ATMOSPHERIC MODELS, CHROMOSPHERE, MAGNETIC FIELD CONFIGURATIONS, SOLAR ATMOSPHERE, SOLAR MAGNETIC FIELD, CONVECTIVE FLOW, EMISSION SPECTRA, HEAT BALANCE, MAGNETIC FLUX, MAGNETOHYDRODYNAMIC FLOW, SOLAR GRANULATION, STELLAR MODELS, TWO DIMENSIONAL MODELS},
     year = 1976,
    month = may,
   volume = 281,
    pages = {339-352},
      doi = {10.1098/rsta.1976.0031},
   adsurl = {http://adsabs.harvard.edu/abs/1976RSPTA.281..339G},
  adsnote = {Provided by the SAO/NASA Astrophysics Data System}
}
@ARTICLE{WSSRLFE12,
   author = {{Wedemeyer-B{\"o}hm}, S. and {Scullion}, E. and {Steiner}, O. and 
	{Rouppe van der Voort}, L. and {de La Cruz Rodriguez}, J. and 
	{Fedun}, V. and {Erd{\'e}lyi}, R.},
    title = "{Magnetic tornadoes as energy channels into the solar corona}",
  journal = {\nat},
     year = 2012,
    month = jun,
   volume = 486,
    pages = {505-508},
      doi = {10.1038/nature11202},
   adsurl = {http://adsabs.harvard.edu/abs/2012Natur.486..505W},
  adsnote = {Provided by the SAO/NASA Astrophysics Data System}
}
@ARTICLE{GFE14,
   author = {{Gent}, F.~A. and {Fedun}, V. and {Erd{\'e}lyi}, R.},
    title = "{Magnetohydrostatic Equilibrium. II. Three-dimensional Multiple Open Magnetic Flux Tubes in the Stratified Solar Atmosphere}",
  journal = {\apj},
archivePrefix = "arXiv",
   eprint = {1405.0613},
 primaryClass = "astro-ph.SR",
 keywords = {instabilities, magnetic fields, magnetohydrodynamics: MHD, Sun: atmosphere, Sun: chromosphere, Sun: transition region },
     year = 2014,
    month = jul,
   volume = 789,
      eid = {42},
    pages = {42},
      doi = {10.1088/0004-637X/789/1/42},
   adsurl = {http://adsabs.harvard.edu/abs/2014ApJ...789...42G},
  adsnote = {Provided by the SAO/NASA Astrophysics Data System}
}
@ARTICLE{GE14,
   author = {{Gent}, F.~A. and {Fedun}, V. and {Erd{\'e}lyi}, R.},
    title = "{Magnetohydrostatic Equilibrium. II. Three-dimensional Multiple Open Magnetic Flux Tubes in the Stratified Solar Atmosphere}",
  journal = {\apj},
archivePrefix = "arXiv",
   eprint = {1405.0613},
 primaryClass = "astro-ph.SR",
 keywords = {instabilities, magnetic fields, magnetohydrodynamics: MHD, Sun: atmosphere, Sun: chromosphere, Sun: transition region },
     year = 2014,
    month = jul,
   volume = 789,
      eid = {42},
    pages = {42},
      doi = {10.1088/0004-637X/789/1/42},
   adsurl = {http://adsabs.harvard.edu/abs/2014ApJ...789...42G},
  adsnote = {Provided by the SAO/NASA Astrophysics Data System}
}
@ARTICLE{BCLow85,
   author = {{Low}, B.~C.},
    title = "{Three-dimensional structures of magnetostatic atmospheres. I - Theory}",
  journal = {\apj},
 keywords = {Magnetic Stars, Magnetostatic Fields, Solar Corona, Stellar Atmospheres, Stellar Models, Computational Astrophysics, Equilibrium Equations, Maxwell Equation, Partial Differential Equations},
     year = 1985,
    month = jun,
   volume = 293,
    pages = {31-43},
      doi = {10.1086/163211},
   adsurl = {http://adsabs.harvard.edu/abs/1985ApJ...293...31L},
  adsnote = {Provided by the SAO/NASA Astrophysics Data System}
}
@ARTICLE{BCLow88,
   author = {{Low}, B.~C.},
    title = "{On the hydromagnetic stability of a class of laminated force-free magnetic fields}",
  journal = {\apj},
 keywords = {Computational Astrophysics, Force-Free Magnetic Fields, Interstellar Magnetic Fields, Magnetohydrodynamic Stability, Stellar Magnetic Fields, Cartesian Coordinates, Magnetic Field Configurations},
     year = 1988,
    month = jul,
   volume = 330,
    pages = {992-996},
      doi = {10.1086/166528},
   adsurl = {http://adsabs.harvard.edu/abs/1988ApJ...330..992L},
  adsnote = {Provided by the SAO/NASA Astrophysics Data System}
}
@ARTICLE{TL89,
   author = {{Tsinganos}, K. and {Low}, B.~C.},
    title = "{Steady hydromagnetic flows in open magnetic fields. II - Global flows with static zones}",
  journal = {\apj},
 keywords = {Computational Astrophysics, Magnetohydrodynamic Flow, Stellar Magnetic Fields, Stellar Winds, Gravitational Effects, Lorentz Force, Magnetic Field Configurations, Magnetic Flux, Pressure Gradients},
     year = 1989,
    month = jul,
   volume = 342,
    pages = {1028-1048},
      doi = {10.1086/167660},
   adsurl = {http://adsabs.harvard.edu/abs/1989ApJ...342.1028T},
  adsnote = {Provided by the SAO/NASA Astrophysics Data System}
}
@ARTICLE{GL98,
   author = {{Gibson}, S.~E. and {Low}, B.~C.},
    title = "{A Time-Dependent Three-Dimensional Magnetohydrodynamic Model of the Coronal Mass Ejection}",
  journal = {\apj},
 keywords = {MAGNETOHYDRODYNAMICS: MHD, SUN: CORONA, SUN: PARTICLE EMISSION},
     year = 1998,
    month = jan,
   volume = 493,
    pages = {460},
      doi = {10.1086/305107},
   adsurl = {http://adsabs.harvard.edu/abs/1998ApJ...493..460G},
  adsnote = {Provided by the SAO/NASA Astrophysics Data System}
}
@ARTICLE{LDK08,
   author = {{L{\'o}pez Fuentes}, M.~C. and {D{\'e}moulin}, P. and {Klimchuk}, J.~A.
	},
    title = "{Are Constant Loop Widths an Artifact of the Background and the Spatial Resolution?}",
  journal = {\apj},
archivePrefix = "arXiv",
   eprint = {0704.0637},
 keywords = {Sun: Corona, Sun: Magnetic Fields, Sun: UV Radiation},
     year = 2008,
    month = jan,
   volume = 673,
    pages = {586-597},
      doi = {10.1086/523928},
   adsurl = {http://adsabs.harvard.edu/abs/2008ApJ...673..586L},
  adsnote = {Provided by the SAO/NASA Astrophysics Data System}
}
@ARTICLE{VGH11,
   author = {{Verth}, G. and {Goossens}, M. and {He}, J.-S.},
    title = "{Magnetoseismological Determination of Magnetic Field and Plasma Density Height Variation in a Solar Spicule}",
  journal = {\apjl},
 keywords = {magnetic fields, magnetohydrodynamics: MHD, plasmas, Sun: oscillations},
     year = 2011,
    month = may,
   volume = 733,
      eid = {L15},
    pages = {L15},
      doi = {10.1088/2041-8205/733/1/L15},
   adsurl = {http://adsabs.harvard.edu/abs/2011ApJ...733L..15V},
  adsnote = {Provided by the SAO/NASA Astrophysics Data System}
}
@ARTICLE{KHM08,
   author = {{Kontar}, E.~P. and {Hannah}, I.~G. and {MacKinnon}, A.~L.},
    title = "{Chromospheric magnetic field and density structure measurements using hard X-rays in a flaring coronal loop}",
  journal = {\aap},
archivePrefix = "arXiv",
   eprint = {0808.3334},
 keywords = {Sun: chromosphere, Sun: flares, Sun: X-rays, gamma rays, Sun: magnetic fields, Sun: activity},
     year = 2008,
    month = oct,
   volume = 489,
    pages = {L57-L60},
      doi = {10.1051/0004-6361:200810719},
   adsurl = {http://adsabs.harvard.edu/abs/2008A%26A...489L..57K},
  adsnote = {Provided by the SAO/NASA Astrophysics Data System}
}
@ARTICLE{JK13,
   author = {{Jeffrey}, N.~L.~S. and {Kontar}, E.~P.},
    title = "{Temporal Variations of X-Ray Solar Flare Loops: Length, Corpulence, Position, Temperature, Plasma Pressure, and Spectra}",
  journal = {\apj},
archivePrefix = "arXiv",
   eprint = {1302.2860},
 primaryClass = "astro-ph.SR",
 keywords = {Sun: chromosphere, Sun: corona, Sun: flares, Sun: X-rays, gamma rays },
     year = 2013,
    month = apr,
   volume = 766,
      eid = {75},
    pages = {75},
      doi = {10.1088/0004-637X/766/2/75},
   adsurl = {http://adsabs.harvard.edu/abs/2013ApJ...766...75J},
  adsnote = {Provided by the SAO/NASA Astrophysics Data System}
}
@ARTICLE{Braginskii65,
   author = {{Braginskii}, S.~I.},
    title = "{Transport Processes in a Plasma}",
  journal = {Reviews of Plasma Physics},
     year = 1965,
   volume = 1,
    pages = {205},
   adsurl = {http://adsabs.harvard.edu/abs/1965RvPP....1..205B},
  adsnote = {Provided by the SAO/NASA Astrophysics Data System}
}
@ARTICLE{Klimchuk06,
   author = {{Klimchuk}, J.~A.},
    title = "{On Solving the Coronal Heating Problem}",
  journal = {\solphys},
   eprint = {astro-ph/0511841},
     year = 2006,
    month = mar,
   volume = 234,
    pages = {41-77},
      doi = {10.1007/s11207-006-0055-z},
   adsurl = {http://adsabs.harvard.edu/abs/2006SoPh..234...41K},
  adsnote = {Provided by the SAO/NASA Astrophysics Data System}
}
@ARTICLE{Zirker93,
   author = {{Zirker}, J.~B.},
    title = "{Coronal heating}",
  journal = {\solphys},
 keywords = {Direct Current, Heating, Magnetohydrodynamic Turbulence, Magnetohydrodynamic Waves, Photosphere, Solar Corona, Stellar Models, Convective Flow, Current Sheets, Field Aligned Currents, Magnetic Field Reconnection, Magnetic Relaxation, Plasma Density, Plasma Temperature, Solar Flares},
     year = 1993,
    month = nov,
   volume = 148,
    pages = {43-60},
      doi = {10.1007/BF00675534},
   adsurl = {http://adsabs.harvard.edu/abs/1993SoPh..148...43Z},
  adsnote = {Provided by the SAO/NASA Astrophysics Data System}
}
@ARTICLE{MSRM83,
   author = {{Malherbe}, J.~M. and {Schmieder}, B. and {Ribes}, E. and {Mein}, P.
	},
    title = "{Dynamics of solar filaments. II - Mass motions in an active region filament from H-alpha center to limb observations}",
  journal = {\aap},
 keywords = {H Alpha Line, Plasma Dynamics, Radial Velocity, Solar Atmosphere, Solar Corona, Solar Limb, Solar Prominences, Chromosphere, Doppler Effect, Mass Flow, Radiant Flux Density, Spectroheliographs, Statistical Analysis, Stellar Models, Velocity Distribution},
     year = 1983,
    month = mar,
   volume = 119,
    pages = {197-206},
   adsurl = {http://adsabs.harvard.edu/abs/1983A%26A...119..197M},
  adsnote = {Provided by the SAO/NASA Astrophysics Data System}
}
@ARTICLE{LW77,
   author = {{Levine}, R.~H. and {Withbroe}, G.~L.},
    title = "{Physics of an active region loop system}",
  journal = {\solphys},
 keywords = {Solar Activity, Solar Corona, Solar Physics, Coronagraphs, Far Ultraviolet Radiation, Solar X-Rays, Stellar Models},
     year = 1977,
    month = feb,
   volume = 51,
    pages = {83-101},
      doi = {10.1007/BF00240447},
   adsurl = {http://adsabs.harvard.edu/abs/1977SoPh...51...83L},
  adsnote = {Provided by the SAO/NASA Astrophysics Data System}
}
@ARTICLE{MTKWSS77,
   author = {{McGuire}, J.~P. and {Tandberg-Hanssen}, E. and {Krall}, K.~R. and 
	{Wu}, S.~T. and {Smith}, J.~B. and {Speich}, D.~M.},
    title = "{A long-lived coronal arch system observed in X-rays}",
  journal = {\solphys},
 keywords = {Force-Free Magnetic Fields, Magnetic Field Configurations, Solar Corona, Solar Magnetic Field, Solar X-Rays, Lines Of Force, Magnetic Flux, Solar Rotation},
     year = 1977,
    month = apr,
   volume = 52,
    pages = {91-100},
      doi = {10.1007/BF00935792},
   adsurl = {http://adsabs.harvard.edu/abs/1977SoPh...52...91M},
  adsnote = {Provided by the SAO/NASA Astrophysics Data System}
}
@BOOK{Sedov59,
       author = {{Sedov}, L.~I.},
        title = "{Similarity and Dimensional Methods in Mechanics}",
    booktitle = {Similarity and Dimensional Methods in Mechanics},
    publisher = {New York: Academic Press},
         year = 1959,
       adsurl = {http://ukads.nottingham.ac.uk/abs/1959sdmm.book.....S},
      adsnote = {Provided by the SAO/NASA Astrophysics Data System}
}
@ARTICLE{Taylor50,
   author = {{Taylor}, G.},
    title = "{The Formation of a Blast Wave by a Very Intense Explosion. I. Theoretical Discussion}",
  journal = {Royal Society of London Proceedings Series A},
     year = 1950,
    month = mar,
   volume = 201,
    pages = {159-174},
      doi = {10.1098/rspa.1950.0049},
   adsurl = {http://ukads.nottingham.ac.uk/abs/1950RSPSA.201..159T},
  adsnote = {Provided by the SAO/NASA Astrophysics Data System}
}
@ARTICLE{Redman42,
   author = {{Redman}, R.~O.},
    title = "{Spectrographic observations at the total solar eclipse of 1940 October 1. II. Concerning the flash spectrum and automic velocities in the chromosphere}",
  journal = {\mnras},
     year = 1942,
   volume = 102,
    pages = {140},
   adsurl = {http://adsabs.harvard.edu/abs/1942MNRAS.102..140R},
  adsnote = {Provided by the SAO/NASA Astrophysics Data System}
}
@ARTICLE{CM35,
   author = {{Cilli{\'e}}, G.~G. and {Menzel}, D.~H.},
    title = "{The Physical State of the Solar Chromosphere.}",
  journal = {Harvard College Observatory Circular},
     year = 1935,
    month = oct,
   volume = 410,
    pages = {1-40},
   adsurl = {http://adsabs.harvard.edu/abs/1935HarCi.410....1C},
  adsnote = {Provided by the SAO/NASA Astrophysics Data System}
}
@ARTICLE{BBP13,
   author = {{Bourdin}, P.-A. and {Bingert}, S. and {Peter}, H.},
    title = "{Observationally driven 3D magnetohydrodynamics model of the solar corona above an active region}",
  journal = {\aap},
archivePrefix = "arXiv",
   eprint = {1305.5693},
 primaryClass = "astro-ph.SR",
 keywords = {Sun: corona, magnetohydrodynamics (MHD), methods: numerical, Sun: UV radiation},
     year = 2013,
    month = jul,
   volume = 555,
      eid = {A123},
    pages = {A123},
      doi = {10.1051/0004-6361/201321185},
   adsurl = {http://adsabs.harvard.edu/abs/2013A%26A...555A.123B},
  adsnote = {Provided by the SAO/NASA Astrophysics Data System}
}
@ARTICLE{PGN04,
   author = {{Peter}, H. and {Gudiksen}, B.~V. and {Nordlund}, {\AA}.},
    title = "{Coronal Heating through Braiding of Magnetic Field Lines}",
  journal = {\apjl},
   eprint = {astro-ph/0409504},
 keywords = {Magnetohydrodynamics: MHD, Stars: Coronae, Sun: Corona, Sun: UV Radiation},
     year = 2004,
    month = dec,
   volume = 617,
    pages = {L85-L88},
      doi = {10.1086/427168},
   adsurl = {http://adsabs.harvard.edu/abs/2004ApJ...617L..85P},
  adsnote = {Provided by the SAO/NASA Astrophysics Data System}
}
@ARTICLE{VAU79,
   author = {{Vesecky}, J.~F. and {Antiochos}, S.~K. and {Underwood}, J.~H.
	},
    title = "{Numerical modeling of quasi-static coronal loops. I - Uniform energy input}",
  journal = {\apj},
 keywords = {Loops, Mathematical Models, Solar Corona, Computerized Simulation, Electron Density (Concentration), High Temperature, Magnetic Effects, Solar Flares, Solar Magnetic Field, X Ray Imagery},
     year = 1979,
    month = nov,
   volume = 233,
    pages = {987-997},
      doi = {10.1086/157462},
   adsurl = {http://adsabs.harvard.edu/abs/1979ApJ...233..987V},
  adsnote = {Provided by the SAO/NASA Astrophysics Data System}
}
@ARTICLE{PMR14,
   author = {{Prasad}, A. and {Mangalam}, A. and {Ravindra}, B.},
    title = "{Separable Solutions of Force-Free Spheres and Applications to Solar Active Regions}",
  journal = {\apj},
archivePrefix = "arXiv",
   eprint = {1404.0910},
 primaryClass = "astro-ph.SR",
 keywords = {magnetohydrodynamics: MHD, Sun: activity, Sun: corona, Sun: flares, Sun: magnetic fields, sunspots },
     year = 2014,
    month = may,
   volume = 786,
      eid = {81},
    pages = {81},
      doi = {10.1088/0004-637X/786/2/81},
   adsurl = {http://adsabs.harvard.edu/abs/2014ApJ...786...81P},
  adsnote = {Provided by the SAO/NASA Astrophysics Data System}
}
@ARTICLE{KMCWB13,
   author = {{K{\"a}pyl{\"a}}, P.~J. and {Mantere}, M.~J. and {Cole}, E. and 
	{Warnecke}, J. and {Brandenburg}, A.},
    title = "{Effects of Enhanced Stratification on Equatorward Dynamo Wave Propagation}",
  journal = {\apj},
archivePrefix = "arXiv",
   eprint = {1301.2595},
 primaryClass = "astro-ph.SR",
 keywords = {convection, dynamo, magnetohydrodynamics: MHD, Sun: activity, Sun: rotation, turbulence },
     year = 2013,
    month = nov,
   volume = 778,
      eid = {41},
    pages = {41},
      doi = {10.1088/0004-637X/778/1/41},
   adsurl = {http://adsabs.harvard.edu/abs/2013ApJ...778...41K},
  adsnote = {Provided by the SAO/NASA Astrophysics Data System}
}
@ARTICLE{WKMB13,
   author = {{Warnecke}, J. and {K{\"a}pyl{\"a}}, P.~J. and {Mantere}, M.~J. and 
	{Brandenburg}, A.},
    title = "{Spoke-like Differential Rotation in a Convective Dynamo with a Coronal Envelope}",
  journal = {\apj},
archivePrefix = "arXiv",
   eprint = {1301.2248},
 primaryClass = "astro-ph.SR",
 keywords = {convection, dynamo, magnetohydrodynamics: MHD, Sun: activity, Sun: rotation, turbulence },
     year = 2013,
    month = dec,
   volume = 778,
      eid = {141},
    pages = {141},
      doi = {10.1088/0004-637X/778/2/141},
   adsurl = {http://adsabs.harvard.edu/abs/2013ApJ...778..141W},
  adsnote = {Provided by the SAO/NASA Astrophysics Data System}
}
@ARTICLE{LoFAR13,
   author = {{Schleicher}, D.~R.~G. and {Beck}, R.},
    title = "{A new interpretation of the far-infrared - radio correlation and the expected breakdown at high redshift}",
  journal = {\aap},
archivePrefix = "arXiv",
   eprint = {1306.6652},
 primaryClass = "astro-ph.CO",
 keywords = {cosmic rays, ISM: magnetic fields, cosmic rays, galaxies: magnetic fields, galaxies: high-redshift, dynamo},
     year = 2013,
    month = aug,
   volume = 556,
      eid = {A142},
    pages = {A142},
      doi = {10.1051/0004-6361/201321707},
   adsurl = {http://adsabs.harvard.edu/abs/2013A%26A...556A.142S},
  adsnote = {Provided by the SAO/NASA Astrophysics Data System}
}
@ARTICLE{JCSM14,
   author = {{Joshi}, R. and {Chand}, H. and {Srianand}, R. and {Majumdar}, J.
	},
    title = "{C IV absorption-line variability in X-ray-bright broad absorption-line quasi-stellar objects}",
  journal = {\mnras},
 keywords = {galaxies: active, quasars: absorption lines, quasars: general, quasars: individual: J085551+375752, quasars: individual: J091127+055054},
     year = 2014,
    month = jul,
   volume = 442,
    pages = {862-869},
      doi = {10.1093/mnras/stu840},
   adsurl = {http://adsabs.harvard.edu/abs/2014MNRAS.442..862J},
  adsnote = {Provided by the SAO/NASA Astrophysics Data System}
}
@phdthesis{Gent12,
  author   ={Frederick A. Gent},
  title    ={Supernova Driven Turbulence in the Interstellar Medium},
  year     ={2012},
  month  = {November},
  school   ={Newcastle University School of Mathematics and Statistics},
  howpublished  =  "\url{http://hdl.handle.net/10443/1755}",
  url         =   {http://hdl.handle.net/10443/1755}
}
@ARTICLE{SFSS02,
   author = {{Stepanov}, R. and {Frick}, P. and {Shukurov}, A. and {Sokoloff}, D.
	},
    title = "{Wavelet tomography of the Galactic magnetic field. I. The method}",
  journal = {\aap},
   eprint = {astro-ph/0112507},
 keywords = {ISM: magnetic fields, polarization, methods: data analysis, Galaxy: structure},
     year = 2002,
    month = aug,
   volume = 391,
    pages = {361-368},
      doi = {10.1051/0004-6361:20020552},
   adsurl = {http://adsabs.harvard.edu/abs/2002A%26A...391..361S},
  adsnote = {Provided by the SAO/NASA Astrophysics Data System}
}
@book{BJ04,
  title={Stereology for Statisticians},
  author={Baddeley, A. and Jensen, E.B.V.},
  isbn={9780203496817},
  lccn={2004059314},
  series={Chapman \& Hall/CRC Monographs on Statistics \& Applied Probability},
  url={http://books.google.co.uk/books?id=il0fXb\_GSowC},
  year={2004},
  publisher={Taylor \& Francis}
}
@ARTICLE{BAH13,
   author = {{Beck}, R. and {Anderson}, J. and {Heald}, G. and {Horneffer}, A. and 
	{Iacobelli}, M. and {K{\"o}hler}, J. and {Mulcahy}, D. and {Pizzo}, R. and 
	{Scaife}, A. and {Wucknitz}, O. and {LOFAR Magnetism Key Science Project Team}
	},
    title = "{The LOFAR view of cosmic magnetism}",
  journal = {Astronomische Nachrichten},
archivePrefix = "arXiv",
   eprint = {1302.0889},
 primaryClass = "astro-ph.IM",
 keywords = {early universe, galaxies: magnetic fields, techniques: polarimetric, telescopes, ISM: magnetic fields},
     year = 2013,
    month = jun,
   volume = 334,
    pages = {548-557},
      doi = {10.1002/asna.201311894},
   adsurl = {http://adsabs.harvard.edu/abs/2013AN....334..548B},
  adsnote = {Provided by the SAO/NASA Astrophysics Data System}
}
